%YAML 1.1
%TAG !u! tag:unity3d.com,2011:
--- !u!1 &924670389658534300
GameObject:
  m_ObjectHideFlags: 0
  m_CorrespondingSourceObject: {fileID: 0}
  m_PrefabInstance: {fileID: 0}
  m_PrefabAsset: {fileID: 0}
  serializedVersion: 6
  m_Component:
  - component: {fileID: 2106036523837600563}
  - component: {fileID: 1741284025464631818}
  - component: {fileID: 2651124253791856709}
  - component: {fileID: 2731874207694081255}
  m_Layer: 0
  m_Name: Tip
  m_TagString: Untagged
  m_Icon: {fileID: 0}
  m_NavMeshLayer: 0
  m_StaticEditorFlags: 0
  m_IsActive: 1
--- !u!4 &2106036523837600563
Transform:
  m_ObjectHideFlags: 0
  m_CorrespondingSourceObject: {fileID: 0}
  m_PrefabInstance: {fileID: 0}
  m_PrefabAsset: {fileID: 0}
  m_GameObject: {fileID: 924670389658534300}
  m_LocalRotation: {x: 0, y: -0, z: -0, w: 1}
  m_LocalPosition: {x: -0, y: -0.37857613, z: 0}
  m_LocalScale: {x: 1, y: 1, z: 1}
  m_ConstrainProportionsScale: 0
  m_Children: []
  m_Father: {fileID: 6099943152829884266}
  m_RootOrder: 1
  m_LocalEulerAnglesHint: {x: 0, y: 0, z: 0}
--- !u!33 &1741284025464631818
MeshFilter:
  m_ObjectHideFlags: 0
  m_CorrespondingSourceObject: {fileID: 0}
  m_PrefabInstance: {fileID: 0}
  m_PrefabAsset: {fileID: 0}
  m_GameObject: {fileID: 924670389658534300}
  m_Mesh: {fileID: 4300000, guid: cdfb793862bfc6f4db3776d74885cb47, type: 3}
--- !u!23 &2651124253791856709
MeshRenderer:
  m_ObjectHideFlags: 0
  m_CorrespondingSourceObject: {fileID: 0}
  m_PrefabInstance: {fileID: 0}
  m_PrefabAsset: {fileID: 0}
  m_GameObject: {fileID: 924670389658534300}
  m_Enabled: 1
  m_CastShadows: 1
  m_ReceiveShadows: 1
  m_DynamicOccludee: 1
  m_StaticShadowCaster: 0
  m_MotionVectors: 1
  m_LightProbeUsage: 1
  m_ReflectionProbeUsage: 1
  m_RayTracingMode: 2
  m_RayTraceProcedural: 0
  m_RenderingLayerMask: 1
  m_RendererPriority: 0
  m_Materials:
  - {fileID: 2100000, guid: 7fe4775a9419e3244b444a56cff23cce, type: 2}
  m_StaticBatchInfo:
    firstSubMesh: 0
    subMeshCount: 0
  m_StaticBatchRoot: {fileID: 0}
  m_ProbeAnchor: {fileID: 0}
  m_LightProbeVolumeOverride: {fileID: 0}
  m_ScaleInLightmap: 1
  m_ReceiveGI: 1
  m_PreserveUVs: 0
  m_IgnoreNormalsForChartDetection: 0
  m_ImportantGI: 0
  m_StitchLightmapSeams: 0
  m_SelectedEditorRenderState: 3
  m_MinimumChartSize: 4
  m_AutoUVMaxDistance: 0.5
  m_AutoUVMaxAngle: 89
  m_LightmapParameters: {fileID: 0}
  m_SortingLayerID: 0
  m_SortingLayer: 0
  m_SortingOrder: 0
  m_AdditionalVertexStreams: {fileID: 0}
--- !u!114 &2731874207694081255
MonoBehaviour:
  m_ObjectHideFlags: 0
  m_CorrespondingSourceObject: {fileID: 0}
  m_PrefabInstance: {fileID: 0}
  m_PrefabAsset: {fileID: 0}
  m_GameObject: {fileID: 924670389658534300}
  m_Enabled: 1
  m_EditorHideFlags: 0
  m_Script: {fileID: 11500000, guid: a2836e36774ca1c4bbbee976e17b649c, type: 3}
  m_Name: 
  m_EditorClassIdentifier: 
  _componentIndexCache: 6
  _addedNetworkObject: {fileID: 6528362313345764255}
  _networkObjectCache: {fileID: 6528362313345764255}
  _synchronizeParent: 0
  _packing:
    Position: 1
    Rotation: 1
    Scale: 0
  _interpolation: 2
  _extrapolation: 2
  _enableTeleport: 0
  _teleportThreshold: 1
  _clientAuthoritative: 1
  _sendToOwner: 1
  _synchronizePosition: 1
  _positionSnapping:
    X: 0
    Y: 0
    Z: 0
  _synchronizeRotation: 1
  _rotationSnapping:
    X: 0
    Y: 0
    Z: 0
  _synchronizeScale: 1
  _scaleSnapping:
    X: 0
    Y: 0
    Z: 0
--- !u!1 &1181910400710089946
GameObject:
  m_ObjectHideFlags: 0
  m_CorrespondingSourceObject: {fileID: 0}
  m_PrefabInstance: {fileID: 0}
  m_PrefabAsset: {fileID: 0}
  serializedVersion: 6
  m_Component:
  - component: {fileID: 3913904792421216219}
  - component: {fileID: 249840994620008916}
  - component: {fileID: 7634367656163151722}
  - component: {fileID: 5386400788035035521}
  m_Layer: 0
  m_Name: Shaft
  m_TagString: Untagged
  m_Icon: {fileID: 0}
  m_NavMeshLayer: 0
  m_StaticEditorFlags: 0
  m_IsActive: 1
--- !u!4 &3913904792421216219
Transform:
  m_ObjectHideFlags: 0
  m_CorrespondingSourceObject: {fileID: 0}
  m_PrefabInstance: {fileID: 0}
  m_PrefabAsset: {fileID: 0}
  m_GameObject: {fileID: 1181910400710089946}
  m_LocalRotation: {x: 0, y: -0, z: -0, w: 1}
  m_LocalPosition: {x: -0, y: 0, z: 0}
  m_LocalScale: {x: 1, y: 1, z: 1}
  m_ConstrainProportionsScale: 0
  m_Children: []
  m_Father: {fileID: 6099943152829884266}
  m_RootOrder: 0
  m_LocalEulerAnglesHint: {x: 0, y: 0, z: 0}
--- !u!33 &249840994620008916
MeshFilter:
  m_ObjectHideFlags: 0
  m_CorrespondingSourceObject: {fileID: 0}
  m_PrefabInstance: {fileID: 0}
  m_PrefabAsset: {fileID: 0}
  m_GameObject: {fileID: 1181910400710089946}
  m_Mesh: {fileID: 4300002, guid: cdfb793862bfc6f4db3776d74885cb47, type: 3}
--- !u!23 &7634367656163151722
MeshRenderer:
  m_ObjectHideFlags: 0
  m_CorrespondingSourceObject: {fileID: 0}
  m_PrefabInstance: {fileID: 0}
  m_PrefabAsset: {fileID: 0}
  m_GameObject: {fileID: 1181910400710089946}
  m_Enabled: 1
  m_CastShadows: 1
  m_ReceiveShadows: 1
  m_DynamicOccludee: 1
  m_StaticShadowCaster: 0
  m_MotionVectors: 1
  m_LightProbeUsage: 1
  m_ReflectionProbeUsage: 1
  m_RayTracingMode: 2
  m_RayTraceProcedural: 0
  m_RenderingLayerMask: 1
  m_RendererPriority: 0
  m_Materials:
  - {fileID: 2100000, guid: 7fe4775a9419e3244b444a56cff23cce, type: 2}
  m_StaticBatchInfo:
    firstSubMesh: 0
    subMeshCount: 0
  m_StaticBatchRoot: {fileID: 0}
  m_ProbeAnchor: {fileID: 0}
  m_LightProbeVolumeOverride: {fileID: 0}
  m_ScaleInLightmap: 1
  m_ReceiveGI: 1
  m_PreserveUVs: 0
  m_IgnoreNormalsForChartDetection: 0
  m_ImportantGI: 0
  m_StitchLightmapSeams: 0
  m_SelectedEditorRenderState: 3
  m_MinimumChartSize: 4
  m_AutoUVMaxDistance: 0.5
  m_AutoUVMaxAngle: 89
  m_LightmapParameters: {fileID: 0}
  m_SortingLayerID: 0
  m_SortingLayer: 0
  m_SortingOrder: 0
  m_AdditionalVertexStreams: {fileID: 0}
--- !u!114 &5386400788035035521
MonoBehaviour:
  m_ObjectHideFlags: 0
  m_CorrespondingSourceObject: {fileID: 0}
  m_PrefabInstance: {fileID: 0}
  m_PrefabAsset: {fileID: 0}
  m_GameObject: {fileID: 1181910400710089946}
  m_Enabled: 1
  m_EditorHideFlags: 0
  m_Script: {fileID: 11500000, guid: a2836e36774ca1c4bbbee976e17b649c, type: 3}
  m_Name: 
  m_EditorClassIdentifier: 
  _componentIndexCache: 5
  _addedNetworkObject: {fileID: 6528362313345764255}
  _networkObjectCache: {fileID: 6528362313345764255}
  _synchronizeParent: 0
  _packing:
    Position: 1
    Rotation: 1
    Scale: 0
  _interpolation: 2
  _extrapolation: 2
  _enableTeleport: 0
  _teleportThreshold: 1
  _clientAuthoritative: 1
  _sendToOwner: 1
  _synchronizePosition: 1
  _positionSnapping:
    X: 0
    Y: 0
    Z: 0
  _synchronizeRotation: 1
  _rotationSnapping:
    X: 0
    Y: 0
    Z: 0
  _synchronizeScale: 1
  _scaleSnapping:
    X: 0
    Y: 0
    Z: 0
--- !u!1 &4460121412398207899
GameObject:
  m_ObjectHideFlags: 0
  m_CorrespondingSourceObject: {fileID: 0}
  m_PrefabInstance: {fileID: 0}
  m_PrefabAsset: {fileID: 0}
  serializedVersion: 6
  m_Component:
  - component: {fileID: 6099943152829884266}
  - component: {fileID: 3689882762364277679}
  m_Layer: 0
  m_Name: Mesh
  m_TagString: Untagged
  m_Icon: {fileID: 0}
  m_NavMeshLayer: 0
  m_StaticEditorFlags: 0
  m_IsActive: 1
--- !u!4 &6099943152829884266
Transform:
  m_ObjectHideFlags: 0
  m_CorrespondingSourceObject: {fileID: 0}
  m_PrefabInstance: {fileID: 0}
  m_PrefabAsset: {fileID: 0}
  m_GameObject: {fileID: 4460121412398207899}
  m_LocalRotation: {x: -0.7071068, y: 0, z: 0, w: 0.7071068}
  m_LocalPosition: {x: 0, y: 0, z: 0}
  m_LocalScale: {x: 1, y: 1, z: 1}
  m_ConstrainProportionsScale: 0
  m_Children:
  - {fileID: 3913904792421216219}
  - {fileID: 2106036523837600563}
  m_Father: {fileID: 1266357694239911713}
  m_RootOrder: 0
  m_LocalEulerAnglesHint: {x: -90, y: 0, z: 0}
--- !u!114 &3689882762364277679
MonoBehaviour:
  m_ObjectHideFlags: 0
  m_CorrespondingSourceObject: {fileID: 0}
  m_PrefabInstance: {fileID: 0}
  m_PrefabAsset: {fileID: 0}
  m_GameObject: {fileID: 4460121412398207899}
  m_Enabled: 1
  m_EditorHideFlags: 0
  m_Script: {fileID: 11500000, guid: a2836e36774ca1c4bbbee976e17b649c, type: 3}
  m_Name: 
  m_EditorClassIdentifier: 
  _componentIndexCache: 3
  _addedNetworkObject: {fileID: 6528362313345764255}
  _networkObjectCache: {fileID: 6528362313345764255}
  _synchronizeParent: 0
  _packing:
    Position: 1
    Rotation: 1
    Scale: 0
  _interpolation: 2
  _extrapolation: 2
  _enableTeleport: 0
  _teleportThreshold: 1
  _clientAuthoritative: 1
  _sendToOwner: 1
  _synchronizePosition: 1
  _positionSnapping:
    X: 0
    Y: 0
    Z: 0
  _synchronizeRotation: 1
  _rotationSnapping:
    X: 0
    Y: 0
    Z: 0
  _synchronizeScale: 1
  _scaleSnapping:
    X: 0
    Y: 0
    Z: 0
--- !u!1 &4926602538945456753
GameObject:
  m_ObjectHideFlags: 0
  m_CorrespondingSourceObject: {fileID: 0}
  m_PrefabInstance: {fileID: 0}
  m_PrefabAsset: {fileID: 0}
  serializedVersion: 6
  m_Component:
  - component: {fileID: 8796578811373914049}
  - component: {fileID: 2096878162845652878}
  m_Layer: 0
  m_Name: Attach
  m_TagString: Untagged
  m_Icon: {fileID: 0}
  m_NavMeshLayer: 0
  m_StaticEditorFlags: 0
  m_IsActive: 1
--- !u!4 &8796578811373914049
Transform:
  m_ObjectHideFlags: 0
  m_CorrespondingSourceObject: {fileID: 0}
  m_PrefabInstance: {fileID: 0}
  m_PrefabAsset: {fileID: 0}
  m_GameObject: {fileID: 4926602538945456753}
  m_LocalRotation: {x: 0, y: 0, z: 0, w: 1}
  m_LocalPosition: {x: 0, y: 0, z: -0.425}
  m_LocalScale: {x: 1, y: 1, z: 1}
  m_ConstrainProportionsScale: 0
  m_Children: []
  m_Father: {fileID: 1266357694239911713}
  m_RootOrder: 1
  m_LocalEulerAnglesHint: {x: 0, y: 0, z: 0}
--- !u!114 &2096878162845652878
MonoBehaviour:
  m_ObjectHideFlags: 0
  m_CorrespondingSourceObject: {fileID: 0}
  m_PrefabInstance: {fileID: 0}
  m_PrefabAsset: {fileID: 0}
  m_GameObject: {fileID: 4926602538945456753}
  m_Enabled: 1
  m_EditorHideFlags: 0
  m_Script: {fileID: 11500000, guid: a2836e36774ca1c4bbbee976e17b649c, type: 3}
  m_Name: 
  m_EditorClassIdentifier: 
  _componentIndexCache: 4
  _addedNetworkObject: {fileID: 6528362313345764255}
  _networkObjectCache: {fileID: 6528362313345764255}
  _synchronizeParent: 0
  _packing:
    Position: 1
    Rotation: 1
    Scale: 0
  _interpolation: 2
  _extrapolation: 2
  _enableTeleport: 0
  _teleportThreshold: 1
  _clientAuthoritative: 1
  _sendToOwner: 1
  _synchronizePosition: 1
  _positionSnapping:
    X: 0
    Y: 0
    Z: 0
  _synchronizeRotation: 1
  _rotationSnapping:
    X: 0
    Y: 0
    Z: 0
  _synchronizeScale: 1
  _scaleSnapping:
    X: 0
    Y: 0
    Z: 0
--- !u!1 &5016704277711162129
GameObject:
  m_ObjectHideFlags: 0
  m_CorrespondingSourceObject: {fileID: 0}
  m_PrefabInstance: {fileID: 0}
  m_PrefabAsset: {fileID: 0}
  serializedVersion: 6
  m_Component:
  - component: {fileID: 1266357694239911713}
  - component: {fileID: 4495054325862542718}
  - component: {fileID: 4131114477214956424}
  - component: {fileID: 2836307697715598017}
  - component: {fileID: 1869992082046096517}
  - component: {fileID: 6528362313345764255}
  - component: {fileID: 332581507620337143}
  - component: {fileID: 1217514222217308058}
  - component: {fileID: 2368665106430483106}
  m_Layer: 2
  m_Name: Arrow
  m_TagString: Untagged
  m_Icon: {fileID: 0}
  m_NavMeshLayer: 0
  m_StaticEditorFlags: 0
  m_IsActive: 1
--- !u!4 &1266357694239911713
Transform:
  m_ObjectHideFlags: 0
  m_CorrespondingSourceObject: {fileID: 0}
  m_PrefabInstance: {fileID: 0}
  m_PrefabAsset: {fileID: 0}
  m_GameObject: {fileID: 5016704277711162129}
  m_LocalRotation: {x: 0, y: 0, z: 0, w: 1}
  m_LocalPosition: {x: 0, y: 0, z: 0}
  m_LocalScale: {x: 1, y: 1, z: 1}
  m_ConstrainProportionsScale: 0
  m_Children:
  - {fileID: 6099943152829884266}
  - {fileID: 8796578811373914049}
  m_Father: {fileID: 0}
  m_RootOrder: 0
  m_LocalEulerAnglesHint: {x: 0, y: 0, z: 0}
--- !u!114 &4495054325862542718
MonoBehaviour:
  m_ObjectHideFlags: 0
  m_CorrespondingSourceObject: {fileID: 0}
  m_PrefabInstance: {fileID: 0}
  m_PrefabAsset: {fileID: 0}
  m_GameObject: {fileID: 5016704277711162129}
  m_Enabled: 1
  m_EditorHideFlags: 0
  m_Script: {fileID: 11500000, guid: 4efde785f55475d4faf016df659306fa, type: 3}
  m_Name: 
  m_EditorClassIdentifier: 
  m_InteractionManager: {fileID: 0}
  m_Colliders: []
  m_InteractionLayerMask:
    serializedVersion: 2
    m_Bits: 4294967295
  m_InteractionLayers:
    m_Bits: 1
  m_DistanceCalculationMode: 1
  m_SelectMode: 0
  m_CustomReticle: {fileID: 0}
  m_AllowGazeInteraction: 0
  m_AllowGazeSelect: 0
  m_OverrideGazeTimeToSelect: 0
  m_GazeTimeToSelect: 0.5
  m_OverrideTimeToAutoDeselectGaze: 0
  m_TimeToAutoDeselectGaze: 3
  m_AllowGazeAssistance: 0
  m_FirstHoverEntered:
    m_PersistentCalls:
      m_Calls: []
  m_LastHoverExited:
    m_PersistentCalls:
      m_Calls: []
  m_HoverEntered:
    m_PersistentCalls:
      m_Calls: []
  m_HoverExited:
    m_PersistentCalls:
      m_Calls: []
  m_FirstSelectEntered:
    m_PersistentCalls:
      m_Calls: []
  m_LastSelectExited:
    m_PersistentCalls:
      m_Calls: []
  m_SelectEntered:
    m_PersistentCalls:
      m_Calls: []
  m_SelectExited:
    m_PersistentCalls:
      m_Calls: []
  m_Activated:
    m_PersistentCalls:
      m_Calls: []
  m_Deactivated:
    m_PersistentCalls:
      m_Calls: []
  m_StartingHoverFilters: []
  m_StartingSelectFilters: []
  m_StartingInteractionStrengthFilters: []
  m_OnFirstHoverEntered:
    m_PersistentCalls:
      m_Calls: []
  m_OnLastHoverExited:
    m_PersistentCalls:
      m_Calls: []
  m_OnHoverEntered:
    m_PersistentCalls:
      m_Calls: []
  m_OnHoverExited:
    m_PersistentCalls:
      m_Calls: []
  m_OnSelectEntered:
    m_PersistentCalls:
      m_Calls: []
  m_OnSelectExited:
    m_PersistentCalls:
      m_Calls: []
  m_OnSelectCanceled:
    m_PersistentCalls:
      m_Calls: []
  m_OnActivate:
    m_PersistentCalls:
      m_Calls: []
  m_OnDeactivate:
    m_PersistentCalls:
      m_Calls: []
  m_AttachTransform: {fileID: 8796578811373914049}
  m_SecondaryAttachTransform: {fileID: 0}
  m_UseDynamicAttach: 0
  m_MatchAttachPosition: 1
  m_MatchAttachRotation: 1
  m_SnapToColliderVolume: 1
  m_ReinitializeDynamicAttachEverySingleGrab: 1
  m_AttachEaseInTime: 0.3
  m_MovementType: 2
  m_VelocityDamping: 0.4
  m_VelocityScale: 1
  m_AngularVelocityDamping: 0.4
  m_AngularVelocityScale: 0.95
  m_TrackPosition: 1
  m_SmoothPosition: 0
  m_SmoothPositionAmount: 5
  m_TightenPosition: 0.5
  m_TrackRotation: 1
  m_SmoothRotation: 0
  m_SmoothRotationAmount: 5
  m_TightenRotation: 0.5
  m_ThrowOnDetach: 1
  m_ThrowSmoothingDuration: 0.25
  m_ThrowSmoothingCurve:
    serializedVersion: 2
    m_Curve:
    - serializedVersion: 3
      time: 1
      value: 1
      inSlope: 0
      outSlope: 0
      tangentMode: 0
      weightedMode: 0
      inWeight: 0
      outWeight: 0
    m_PreInfinity: 2
    m_PostInfinity: 2
    m_RotationOrder: 4
  m_ThrowVelocityScale: 1.5
  m_ThrowAngularVelocityScale: 0.25
  m_ForceGravityOnDetach: 1
  m_RetainTransformParent: 0
  m_AttachPointCompatibilityMode: 0
  m_StartingSingleGrabTransformers: []
  m_StartingMultipleGrabTransformers: []
  m_AddDefaultGrabTransformers: 1
--- !u!54 &4131114477214956424
Rigidbody:
  m_ObjectHideFlags: 0
  m_CorrespondingSourceObject: {fileID: 0}
  m_PrefabInstance: {fileID: 0}
  m_PrefabAsset: {fileID: 0}
  m_GameObject: {fileID: 5016704277711162129}
  serializedVersion: 4
  m_Mass: 0.18
  m_Drag: 0
  m_AngularDrag: 0.05
  m_CenterOfMass: {x: 0, y: 0, z: 0}
  m_InertiaTensor: {x: 1, y: 1, z: 1}
  m_InertiaRotation: {x: 0, y: 0, z: 0, w: 1}
  m_IncludeLayers:
    serializedVersion: 2
    m_Bits: 0
  m_ExcludeLayers:
    serializedVersion: 2
    m_Bits: 0
  m_ImplicitCom: 1
  m_ImplicitTensor: 1
  m_UseGravity: 0
  m_IsKinematic: 1
  m_Interpolate: 0
  m_Constraints: 0
  m_CollisionDetection: 0
--- !u!136 &2836307697715598017
CapsuleCollider:
  m_ObjectHideFlags: 0
  m_CorrespondingSourceObject: {fileID: 0}
  m_PrefabInstance: {fileID: 0}
  m_PrefabAsset: {fileID: 0}
  m_GameObject: {fileID: 5016704277711162129}
  m_Material: {fileID: 0}
  m_IncludeLayers:
    serializedVersion: 2
    m_Bits: 0
  m_ExcludeLayers:
    serializedVersion: 2
    m_Bits: 0
  m_LayerOverridePriority: 0
  m_IsTrigger: 0
  m_ProvidesContacts: 0
  m_Enabled: 1
  serializedVersion: 2
  m_Radius: 0.01
  m_Height: 0.01
  m_Direction: 2
  m_Center: {x: 0.004637705, y: 0, z: 0.41}
--- !u!114 &1869992082046096517
MonoBehaviour:
  m_ObjectHideFlags: 0
  m_CorrespondingSourceObject: {fileID: 0}
  m_PrefabInstance: {fileID: 0}
  m_PrefabAsset: {fileID: 0}
  m_GameObject: {fileID: 5016704277711162129}
  m_Enabled: 1
  m_EditorHideFlags: 0
  m_Script: {fileID: 11500000, guid: 3186f8c7706ca9b4197d307b7d8bedc4, type: 3}
  m_Name: 
  m_EditorClassIdentifier: 
  _componentIndexCache: 0
  _addedNetworkObject: {fileID: 6528362313345764255}
  _networkObjectCache: {fileID: 6528362313345764255}
  tip: {fileID: 2106036523837600563}
  layerMask:
    serializedVersion: 2
    m_Bits: 1
  speed: 500
--- !u!114 &6528362313345764255
MonoBehaviour:
  m_ObjectHideFlags: 0
  m_CorrespondingSourceObject: {fileID: 0}
  m_PrefabInstance: {fileID: 0}
  m_PrefabAsset: {fileID: 0}
  m_GameObject: {fileID: 5016704277711162129}
  m_Enabled: 1
  m_EditorHideFlags: 0
  m_Script: {fileID: 11500000, guid: 26b716c41e9b56b4baafaf13a523ba2e, type: 3}
  m_Name: 
  m_EditorClassIdentifier: 
  <IsNested>k__BackingField: 0
  <ComponentIndex>k__BackingField: 0
  <PredictedSpawn>k__BackingField: {fileID: 0}
  _networkBehaviours:
  - {fileID: 1869992082046096517}
  - {fileID: 332581507620337143}
  - {fileID: 1217514222217308058}
  - {fileID: 3689882762364277679}
  - {fileID: 2096878162845652878}
  - {fileID: 5386400788035035521}
  - {fileID: 2731874207694081255}
  <ParentNetworkObject>k__BackingField: {fileID: 0}
  <ChildNetworkObjects>k__BackingField: []
  _isNetworked: 1
  _isGlobal: 0
  _initializeOrder: 0
  _defaultDespawnType: 1
  NetworkObserver: {fileID: 0}
  <PrefabId>k__BackingField: 12
  <SpawnableCollectionId>k__BackingField: 0
  _scenePathHash: 0
  <SceneId>k__BackingField: 0
  <AssetPathHash>k__BackingField: 16561955332244417128
  _sceneNetworkObjects: []
--- !u!114 &332581507620337143
MonoBehaviour:
  m_ObjectHideFlags: 0
  m_CorrespondingSourceObject: {fileID: 0}
  m_PrefabInstance: {fileID: 0}
  m_PrefabAsset: {fileID: 0}
  m_GameObject: {fileID: 5016704277711162129}
  m_Enabled: 1
  m_EditorHideFlags: 0
  m_Script: {fileID: 11500000, guid: a2836e36774ca1c4bbbee976e17b649c, type: 3}
  m_Name: 
  m_EditorClassIdentifier: 
  _componentIndexCache: 1
  _addedNetworkObject: {fileID: 6528362313345764255}
  _networkObjectCache: {fileID: 6528362313345764255}
  _synchronizeParent: 0
  _packing:
    Position: 1
    Rotation: 1
    Scale: 0
  _interpolation: 2
  _extrapolation: 2
  _enableTeleport: 0
  _teleportThreshold: 1
  _clientAuthoritative: 1
  _sendToOwner: 1
  _synchronizePosition: 1
  _positionSnapping:
    X: 0
    Y: 0
    Z: 0
  _synchronizeRotation: 1
  _rotationSnapping:
    X: 0
    Y: 0
    Z: 0
  _synchronizeScale: 1
  _scaleSnapping:
    X: 0
    Y: 0
    Z: 0
--- !u!114 &1217514222217308058
MonoBehaviour:
  m_ObjectHideFlags: 0
  m_CorrespondingSourceObject: {fileID: 0}
  m_PrefabInstance: {fileID: 0}
  m_PrefabAsset: {fileID: 0}
  m_GameObject: {fileID: 5016704277711162129}
  m_Enabled: 1
  m_EditorHideFlags: 0
  m_Script: {fileID: 11500000, guid: 5a5555c72cc19384a94e85b9088a95aa, type: 3}
  m_Name: 
  m_EditorClassIdentifier: 
  _componentIndexCache: 2
  _addedNetworkObject: {fileID: 6528362313345764255}
  _networkObjectCache: {fileID: 6528362313345764255}
--- !u!114 &2368665106430483106
MonoBehaviour:
  m_ObjectHideFlags: 0
  m_CorrespondingSourceObject: {fileID: 0}
  m_PrefabInstance: {fileID: 0}
  m_PrefabAsset: {fileID: 0}
  m_GameObject: {fileID: 5016704277711162129}
  m_Enabled: 1
  m_EditorHideFlags: 0
  m_Script: {fileID: 11500000, guid: c71fd7f855ec523429999fc4e14a1928, type: 3}
  m_Name: 
  m_EditorClassIdentifier: 
  _overrideType: 3
  _updateHostVisibility: 1
  _observerConditions: []
