%YAML 1.1
%TAG !u! tag:unity3d.com,2011:
--- !u!1 &93219228833127587
GameObject:
  m_ObjectHideFlags: 0
  m_CorrespondingSourceObject: {fileID: 0}
  m_PrefabInstance: {fileID: 0}
  m_PrefabAsset: {fileID: 0}
  serializedVersion: 6
  m_Component:
  - component: {fileID: 8461444523124913307}
  - component: {fileID: 3572526038880022669}
  - component: {fileID: 3766976745949113692}
  - component: {fileID: 1047001759896168042}
  - component: {fileID: 4197516043068701935}
  - component: {fileID: 8992144926730888769}
  - component: {fileID: 2113851326702507156}
  m_Layer: 0
  m_Name: TargetUFO
  m_TagString: Untagged
  m_Icon: {fileID: 0}
  m_NavMeshLayer: 0
  m_StaticEditorFlags: 0
  m_IsActive: 1
--- !u!4 &8461444523124913307
Transform:
  m_ObjectHideFlags: 0
  m_CorrespondingSourceObject: {fileID: 0}
  m_PrefabInstance: {fileID: 0}
  m_PrefabAsset: {fileID: 0}
  m_GameObject: {fileID: 93219228833127587}
  m_LocalRotation: {x: 0, y: 0, z: 0, w: 1}
  m_LocalPosition: {x: 1.398, y: 1.1, z: 8.292}
  m_LocalScale: {x: 1, y: 1, z: 1}
  m_ConstrainProportionsScale: 0
  m_Children:
  - {fileID: 7933779445518253981}
  m_Father: {fileID: 0}
  m_RootOrder: 0
  m_LocalEulerAnglesHint: {x: 0, y: 0, z: 0}
--- !u!114 &3572526038880022669
MonoBehaviour:
  m_ObjectHideFlags: 0
  m_CorrespondingSourceObject: {fileID: 0}
  m_PrefabInstance: {fileID: 0}
  m_PrefabAsset: {fileID: 0}
  m_GameObject: {fileID: 93219228833127587}
  m_Enabled: 1
  m_EditorHideFlags: 0
  m_Script: {fileID: 11500000, guid: 3b311379c72a5ae4b8936e3b7283dd7a, type: 3}
  m_Name: 
  m_EditorClassIdentifier: 
  _componentIndexCache: 0
  _addedNetworkObject: {fileID: 1047001759896168042}
  _networkObjectCache: {fileID: 1047001759896168042}
  pointsText: {fileID: 1237163760934993282, guid: 105635d7165dacd47956f38546d4a2ea,
    type: 3}
  endPosition: {x: 0, y: 0, z: 0}
  forwardSpeed: 2
  minRandomOffset: {x: 0, y: 0, z: 0}
  maxRandomOffset: {x: 0, y: 0, z: 0}
--- !u!54 &3766976745949113692
Rigidbody:
  m_ObjectHideFlags: 0
  m_CorrespondingSourceObject: {fileID: 0}
  m_PrefabInstance: {fileID: 0}
  m_PrefabAsset: {fileID: 0}
  m_GameObject: {fileID: 93219228833127587}
  serializedVersion: 4
  m_Mass: 1
  m_Drag: 0
  m_AngularDrag: 0
  m_CenterOfMass: {x: 0, y: 0, z: 0}
  m_InertiaTensor: {x: 1, y: 1, z: 1}
  m_InertiaRotation: {x: 0, y: 0, z: 0, w: 1}
  m_IncludeLayers:
    serializedVersion: 2
    m_Bits: 0
  m_ExcludeLayers:
    serializedVersion: 2
    m_Bits: 0
  m_ImplicitCom: 1
  m_ImplicitTensor: 1
  m_UseGravity: 0
  m_IsKinematic: 1
  m_Interpolate: 0
  m_Constraints: 126
  m_CollisionDetection: 0
--- !u!114 &1047001759896168042
MonoBehaviour:
  m_ObjectHideFlags: 0
  m_CorrespondingSourceObject: {fileID: 0}
  m_PrefabInstance: {fileID: 0}
  m_PrefabAsset: {fileID: 0}
  m_GameObject: {fileID: 93219228833127587}
  m_Enabled: 1
  m_EditorHideFlags: 0
  m_Script: {fileID: 11500000, guid: 26b716c41e9b56b4baafaf13a523ba2e, type: 3}
  m_Name: 
  m_EditorClassIdentifier: 
  <IsNested>k__BackingField: 0
  <ComponentIndex>k__BackingField: 0
  <PredictedSpawn>k__BackingField: {fileID: 0}
  _networkBehaviours:
  - {fileID: 3572526038880022669}
  - {fileID: 4197516043068701935}
  - {fileID: 7294680161384397297}
  - {fileID: 3316891016740450456}
  - {fileID: 8062271296867124751}
  - {fileID: 8618473685913268443}
  <ParentNetworkObject>k__BackingField: {fileID: 0}
  <ChildNetworkObjects>k__BackingField: []
  _isNetworked: 1
  _isGlobal: 0
  _initializeOrder: 0
  _defaultDespawnType: 1
  NetworkObserver: {fileID: 0}
  <PrefabId>k__BackingField: 9
  <SpawnableCollectionId>k__BackingField: 0
  _scenePathHash: 0
  <SceneId>k__BackingField: 0
  <AssetPathHash>k__BackingField: 12713957617246967544
  _sceneNetworkObjects: []
--- !u!114 &4197516043068701935
MonoBehaviour:
  m_ObjectHideFlags: 0
  m_CorrespondingSourceObject: {fileID: 0}
  m_PrefabInstance: {fileID: 0}
  m_PrefabAsset: {fileID: 0}
  m_GameObject: {fileID: 93219228833127587}
  m_Enabled: 1
  m_EditorHideFlags: 0
  m_Script: {fileID: 11500000, guid: a2836e36774ca1c4bbbee976e17b649c, type: 3}
  m_Name: 
  m_EditorClassIdentifier: 
  _componentIndexCache: 1
  _addedNetworkObject: {fileID: 1047001759896168042}
  _networkObjectCache: {fileID: 1047001759896168042}
  _synchronizeParent: 0
  _packing:
    Position: 1
    Rotation: 1
    Scale: 0
  _interpolation: 2
  _extrapolation: 2
  _enableTeleport: 0
  _teleportThreshold: 1
  _clientAuthoritative: 1
  _sendToOwner: 1
  _synchronizePosition: 1
  _positionSnapping:
    X: 0
    Y: 0
    Z: 0
  _synchronizeRotation: 1
  _rotationSnapping:
    X: 0
    Y: 0
    Z: 0
  _synchronizeScale: 1
  _scaleSnapping:
    X: 0
    Y: 0
    Z: 0
--- !u!136 &8992144926730888769
CapsuleCollider:
  m_ObjectHideFlags: 0
  m_CorrespondingSourceObject: {fileID: 0}
  m_PrefabInstance: {fileID: 0}
  m_PrefabAsset: {fileID: 0}
  m_GameObject: {fileID: 93219228833127587}
  m_Material: {fileID: 0}
  m_IncludeLayers:
    serializedVersion: 2
    m_Bits: 0
  m_ExcludeLayers:
    serializedVersion: 2
    m_Bits: 0
  m_LayerOverridePriority: 0
  m_IsTrigger: 0
  m_ProvidesContacts: 0
  m_Enabled: 1
  serializedVersion: 2
  m_Radius: 1.07
  m_Height: 0.97
  m_Direction: 1
  m_Center: {x: 0.16, y: -0.51, z: 0}
--- !u!65 &2113851326702507156
BoxCollider:
  m_ObjectHideFlags: 0
  m_CorrespondingSourceObject: {fileID: 0}
  m_PrefabInstance: {fileID: 0}
  m_PrefabAsset: {fileID: 0}
  m_GameObject: {fileID: 93219228833127587}
  m_Material: {fileID: 0}
  m_IncludeLayers:
    serializedVersion: 2
    m_Bits: 0
  m_ExcludeLayers:
    serializedVersion: 2
    m_Bits: 0
  m_LayerOverridePriority: 0
  m_IsTrigger: 0
  m_ProvidesContacts: 0
  m_Enabled: 1
  serializedVersion: 3
  m_Size: {x: 4.5, y: 0.5, z: 3.77}
  m_Center: {x: 0.12, y: -0.24, z: 0.06}
--- !u!1 &1503281482029840645
GameObject:
  m_ObjectHideFlags: 0
  m_CorrespondingSourceObject: {fileID: 0}
  m_PrefabInstance: {fileID: 0}
  m_PrefabAsset: {fileID: 0}
  serializedVersion: 6
  m_Component:
  - component: {fileID: 7933779445518253981}
  - component: {fileID: 7294680161384397297}
  m_Layer: 0
  m_Name: SportModel
  m_TagString: Untagged
  m_Icon: {fileID: 0}
  m_NavMeshLayer: 0
  m_StaticEditorFlags: 0
  m_IsActive: 1
--- !u!4 &7933779445518253981
Transform:
  m_ObjectHideFlags: 0
  m_CorrespondingSourceObject: {fileID: 0}
  m_PrefabInstance: {fileID: 0}
  m_PrefabAsset: {fileID: 0}
  m_GameObject: {fileID: 1503281482029840645}
  m_LocalRotation: {x: 0, y: 0, z: 0, w: 1}
  m_LocalPosition: {x: 0, y: 0, z: 0}
  m_LocalScale: {x: 0.24, y: 0.2, z: 0.2}
  m_ConstrainProportionsScale: 0
  m_Children:
  - {fileID: 7485665512278860578}
  - {fileID: 4684626877529458816}
  - {fileID: 7773470377489803008}
  m_Father: {fileID: 8461444523124913307}
  m_RootOrder: 0
  m_LocalEulerAnglesHint: {x: 0, y: 0, z: 0}
--- !u!114 &7294680161384397297
MonoBehaviour:
  m_ObjectHideFlags: 0
  m_CorrespondingSourceObject: {fileID: 0}
  m_PrefabInstance: {fileID: 0}
  m_PrefabAsset: {fileID: 0}
  m_GameObject: {fileID: 1503281482029840645}
  m_Enabled: 1
  m_EditorHideFlags: 0
  m_Script: {fileID: 11500000, guid: a2836e36774ca1c4bbbee976e17b649c, type: 3}
  m_Name: 
  m_EditorClassIdentifier: 
  _componentIndexCache: 2
  _addedNetworkObject: {fileID: 1047001759896168042}
  _networkObjectCache: {fileID: 1047001759896168042}
  _synchronizeParent: 0
  _packing:
    Position: 1
    Rotation: 1
    Scale: 0
  _interpolation: 2
  _extrapolation: 2
  _enableTeleport: 0
  _teleportThreshold: 1
  _clientAuthoritative: 1
  _sendToOwner: 1
  _synchronizePosition: 1
  _positionSnapping:
    X: 0
    Y: 0
    Z: 0
  _synchronizeRotation: 1
  _rotationSnapping:
    X: 0
    Y: 0
    Z: 0
  _synchronizeScale: 1
  _scaleSnapping:
    X: 0
    Y: 0
    Z: 0
--- !u!1 &1632486231925472392
GameObject:
  m_ObjectHideFlags: 0
  m_CorrespondingSourceObject: {fileID: 0}
  m_PrefabInstance: {fileID: 0}
  m_PrefabAsset: {fileID: 0}
  serializedVersion: 6
  m_Component:
  - component: {fileID: 7485665512278860578}
  - component: {fileID: 3926456361165891691}
  - component: {fileID: 371703801869909332}
  - component: {fileID: 3316891016740450456}
  m_Layer: 0
  m_Name: BezierCurve.005
  m_TagString: Untagged
  m_Icon: {fileID: 0}
  m_NavMeshLayer: 0
  m_StaticEditorFlags: 0
  m_IsActive: 1
--- !u!4 &7485665512278860578
Transform:
  m_ObjectHideFlags: 0
  m_CorrespondingSourceObject: {fileID: 0}
  m_PrefabInstance: {fileID: 0}
  m_PrefabAsset: {fileID: 0}
  m_GameObject: {fileID: 1632486231925472392}
  m_LocalRotation: {x: 0.00000031987892, y: 0, z: -0, w: 1}
  m_LocalPosition: {x: 0.5, y: 0.3, z: 0.3}
  m_LocalScale: {x: 1, y: 1, z: 1}
  m_ConstrainProportionsScale: 0
  m_Children: []
  m_Father: {fileID: 7933779445518253981}
  m_RootOrder: 0
  m_LocalEulerAnglesHint: {x: 0, y: 0, z: 0}
--- !u!33 &3926456361165891691
MeshFilter:
  m_ObjectHideFlags: 0
  m_CorrespondingSourceObject: {fileID: 0}
  m_PrefabInstance: {fileID: 0}
  m_PrefabAsset: {fileID: 0}
  m_GameObject: {fileID: 1632486231925472392}
  m_Mesh: {fileID: 2876602339255033164, guid: e2b74575a515c794786457a323da7b69, type: 3}
--- !u!23 &371703801869909332
MeshRenderer:
  m_ObjectHideFlags: 0
  m_CorrespondingSourceObject: {fileID: 0}
  m_PrefabInstance: {fileID: 0}
  m_PrefabAsset: {fileID: 0}
  m_GameObject: {fileID: 1632486231925472392}
  m_Enabled: 1
  m_CastShadows: 1
  m_ReceiveShadows: 1
  m_DynamicOccludee: 1
  m_StaticShadowCaster: 0
  m_MotionVectors: 1
  m_LightProbeUsage: 1
  m_ReflectionProbeUsage: 1
  m_RayTracingMode: 2
  m_RayTraceProcedural: 0
  m_RenderingLayerMask: 1
  m_RendererPriority: 0
  m_Materials:
  - {fileID: 2100000, guid: a3ce1b39b1e52c94398a08157fda1dff, type: 2}
  m_StaticBatchInfo:
    firstSubMesh: 0
    subMeshCount: 0
  m_StaticBatchRoot: {fileID: 0}
  m_ProbeAnchor: {fileID: 0}
  m_LightProbeVolumeOverride: {fileID: 0}
  m_ScaleInLightmap: 1
  m_ReceiveGI: 1
  m_PreserveUVs: 0
  m_IgnoreNormalsForChartDetection: 0
  m_ImportantGI: 0
  m_StitchLightmapSeams: 1
  m_SelectedEditorRenderState: 3
  m_MinimumChartSize: 4
  m_AutoUVMaxDistance: 0.5
  m_AutoUVMaxAngle: 89
  m_LightmapParameters: {fileID: 0}
  m_SortingLayerID: 0
  m_SortingLayer: 0
  m_SortingOrder: 0
  m_AdditionalVertexStreams: {fileID: 0}
--- !u!114 &3316891016740450456
MonoBehaviour:
  m_ObjectHideFlags: 0
  m_CorrespondingSourceObject: {fileID: 0}
  m_PrefabInstance: {fileID: 0}
  m_PrefabAsset: {fileID: 0}
  m_GameObject: {fileID: 1632486231925472392}
  m_Enabled: 1
  m_EditorHideFlags: 0
  m_Script: {fileID: 11500000, guid: a2836e36774ca1c4bbbee976e17b649c, type: 3}
  m_Name: 
  m_EditorClassIdentifier: 
  _componentIndexCache: 3
  _addedNetworkObject: {fileID: 1047001759896168042}
  _networkObjectCache: {fileID: 1047001759896168042}
  _synchronizeParent: 0
  _packing:
    Position: 1
    Rotation: 1
    Scale: 0
  _interpolation: 2
  _extrapolation: 2
  _enableTeleport: 0
  _teleportThreshold: 1
  _clientAuthoritative: 1
  _sendToOwner: 1
  _synchronizePosition: 1
  _positionSnapping:
    X: 0
    Y: 0
    Z: 0
  _synchronizeRotation: 1
  _rotationSnapping:
    X: 0
    Y: 0
    Z: 0
  _synchronizeScale: 1
  _scaleSnapping:
    X: 0
    Y: 0
    Z: 0
--- !u!1 &5151923169000496226
GameObject:
  m_ObjectHideFlags: 0
  m_CorrespondingSourceObject: {fileID: 0}
  m_PrefabInstance: {fileID: 0}
  m_PrefabAsset: {fileID: 0}
  serializedVersion: 6
  m_Component:
  - component: {fileID: 7773470377489803008}
  - component: {fileID: 2351792501279987261}
  - component: {fileID: 6736142794574324875}
  - component: {fileID: 8618473685913268443}
  m_Layer: 0
  m_Name: BezierCurve.007
  m_TagString: Untagged
  m_Icon: {fileID: 0}
  m_NavMeshLayer: 0
  m_StaticEditorFlags: 0
  m_IsActive: 1
--- !u!4 &7773470377489803008
Transform:
  m_ObjectHideFlags: 0
  m_CorrespondingSourceObject: {fileID: 0}
  m_PrefabInstance: {fileID: 0}
  m_PrefabAsset: {fileID: 0}
  m_GameObject: {fileID: 5151923169000496226}
  m_LocalRotation: {x: 0.00000031987892, y: 0, z: -0, w: 1}
  m_LocalPosition: {x: 0.5, y: -1.2, z: 0.3}
  m_LocalScale: {x: 1, y: 1, z: 1}
  m_ConstrainProportionsScale: 0
  m_Children: []
  m_Father: {fileID: 7933779445518253981}
  m_RootOrder: 2
  m_LocalEulerAnglesHint: {x: 0, y: 0, z: 0}
--- !u!33 &2351792501279987261
MeshFilter:
  m_ObjectHideFlags: 0
  m_CorrespondingSourceObject: {fileID: 0}
  m_PrefabInstance: {fileID: 0}
  m_PrefabAsset: {fileID: 0}
  m_GameObject: {fileID: 5151923169000496226}
  m_Mesh: {fileID: 7696143681509816967, guid: e2b74575a515c794786457a323da7b69, type: 3}
--- !u!23 &6736142794574324875
MeshRenderer:
  m_ObjectHideFlags: 0
  m_CorrespondingSourceObject: {fileID: 0}
  m_PrefabInstance: {fileID: 0}
  m_PrefabAsset: {fileID: 0}
  m_GameObject: {fileID: 5151923169000496226}
  m_Enabled: 1
  m_CastShadows: 1
  m_ReceiveShadows: 1
  m_DynamicOccludee: 1
  m_StaticShadowCaster: 0
  m_MotionVectors: 1
  m_LightProbeUsage: 1
  m_ReflectionProbeUsage: 1
  m_RayTracingMode: 2
  m_RayTraceProcedural: 0
  m_RenderingLayerMask: 1
  m_RendererPriority: 0
  m_Materials:
  - {fileID: 1886820026795636259, guid: e2b74575a515c794786457a323da7b69, type: 3}
  - {fileID: 3780671244086486322, guid: e2b74575a515c794786457a323da7b69, type: 3}
  m_StaticBatchInfo:
    firstSubMesh: 0
    subMeshCount: 0
  m_StaticBatchRoot: {fileID: 0}
  m_ProbeAnchor: {fileID: 0}
  m_LightProbeVolumeOverride: {fileID: 0}
  m_ScaleInLightmap: 1
  m_ReceiveGI: 1
  m_PreserveUVs: 0
  m_IgnoreNormalsForChartDetection: 0
  m_ImportantGI: 0
  m_StitchLightmapSeams: 1
  m_SelectedEditorRenderState: 3
  m_MinimumChartSize: 4
  m_AutoUVMaxDistance: 0.5
  m_AutoUVMaxAngle: 89
  m_LightmapParameters: {fileID: 0}
  m_SortingLayerID: 0
  m_SortingLayer: 0
  m_SortingOrder: 0
  m_AdditionalVertexStreams: {fileID: 0}
--- !u!114 &8618473685913268443
MonoBehaviour:
  m_ObjectHideFlags: 0
  m_CorrespondingSourceObject: {fileID: 0}
  m_PrefabInstance: {fileID: 0}
  m_PrefabAsset: {fileID: 0}
  m_GameObject: {fileID: 5151923169000496226}
  m_Enabled: 1
  m_EditorHideFlags: 0
  m_Script: {fileID: 11500000, guid: a2836e36774ca1c4bbbee976e17b649c, type: 3}
  m_Name: 
  m_EditorClassIdentifier: 
  _componentIndexCache: 5
  _addedNetworkObject: {fileID: 1047001759896168042}
  _networkObjectCache: {fileID: 1047001759896168042}
  _synchronizeParent: 0
  _packing:
    Position: 1
    Rotation: 1
    Scale: 0
  _interpolation: 2
  _extrapolation: 2
  _enableTeleport: 0
  _teleportThreshold: 1
  _clientAuthoritative: 1
  _sendToOwner: 1
  _synchronizePosition: 1
  _positionSnapping:
    X: 0
    Y: 0
    Z: 0
  _synchronizeRotation: 1
  _rotationSnapping:
    X: 0
    Y: 0
    Z: 0
  _synchronizeScale: 1
  _scaleSnapping:
    X: 0
    Y: 0
    Z: 0
--- !u!1 &8543541715831694094
GameObject:
  m_ObjectHideFlags: 0
  m_CorrespondingSourceObject: {fileID: 0}
  m_PrefabInstance: {fileID: 0}
  m_PrefabAsset: {fileID: 0}
  serializedVersion: 6
  m_Component:
  - component: {fileID: 4684626877529458816}
  - component: {fileID: 5669060522451679251}
  - component: {fileID: 1061113289265401427}
  - component: {fileID: 8062271296867124751}
  m_Layer: 0
  m_Name: BezierCurve.006
  m_TagString: Untagged
  m_Icon: {fileID: 0}
  m_NavMeshLayer: 0
  m_StaticEditorFlags: 0
  m_IsActive: 1
--- !u!4 &4684626877529458816
Transform:
  m_ObjectHideFlags: 0
  m_CorrespondingSourceObject: {fileID: 0}
  m_PrefabInstance: {fileID: 0}
  m_PrefabAsset: {fileID: 0}
  m_GameObject: {fileID: 8543541715831694094}
  m_LocalRotation: {x: -0.00000015993946, y: 0.86602545, z: -0.00000027702328, w: -0.49999997}
  m_LocalPosition: {x: 0.5, y: -3.4, z: 0.3}
  m_LocalScale: {x: 1, y: 1, z: 1}
  m_ConstrainProportionsScale: 0
  m_Children: []
  m_Father: {fileID: 7933779445518253981}
  m_RootOrder: 1
  m_LocalEulerAnglesHint: {x: 0, y: 0, z: 0}
--- !u!33 &5669060522451679251
MeshFilter:
  m_ObjectHideFlags: 0
  m_CorrespondingSourceObject: {fileID: 0}
  m_PrefabInstance: {fileID: 0}
  m_PrefabAsset: {fileID: 0}
  m_GameObject: {fileID: 8543541715831694094}
  m_Mesh: {fileID: 2026425019520300902, guid: e2b74575a515c794786457a323da7b69, type: 3}
--- !u!23 &1061113289265401427
MeshRenderer:
  m_ObjectHideFlags: 0
  m_CorrespondingSourceObject: {fileID: 0}
  m_PrefabInstance: {fileID: 0}
  m_PrefabAsset: {fileID: 0}
  m_GameObject: {fileID: 8543541715831694094}
  m_Enabled: 1
  m_CastShadows: 1
  m_ReceiveShadows: 1
  m_DynamicOccludee: 1
  m_StaticShadowCaster: 0
  m_MotionVectors: 1
  m_LightProbeUsage: 1
  m_ReflectionProbeUsage: 1
  m_RayTracingMode: 2
  m_RayTraceProcedural: 0
  m_RenderingLayerMask: 1
  m_RendererPriority: 0
  m_Materials:
  - {fileID: 2100000, guid: a3ce1b39b1e52c94398a08157fda1dff, type: 2}
  m_StaticBatchInfo:
    firstSubMesh: 0
    subMeshCount: 0
  m_StaticBatchRoot: {fileID: 0}
  m_ProbeAnchor: {fileID: 0}
  m_LightProbeVolumeOverride: {fileID: 0}
  m_ScaleInLightmap: 1
  m_ReceiveGI: 1
  m_PreserveUVs: 0
  m_IgnoreNormalsForChartDetection: 0
  m_ImportantGI: 0
  m_StitchLightmapSeams: 1
  m_SelectedEditorRenderState: 3
  m_MinimumChartSize: 4
  m_AutoUVMaxDistance: 0.5
  m_AutoUVMaxAngle: 89
  m_LightmapParameters: {fileID: 0}
  m_SortingLayerID: 0
  m_SortingLayer: 0
  m_SortingOrder: 0
  m_AdditionalVertexStreams: {fileID: 0}
--- !u!114 &8062271296867124751
MonoBehaviour:
  m_ObjectHideFlags: 0
  m_CorrespondingSourceObject: {fileID: 0}
  m_PrefabInstance: {fileID: 0}
  m_PrefabAsset: {fileID: 0}
  m_GameObject: {fileID: 8543541715831694094}
  m_Enabled: 1
  m_EditorHideFlags: 0
  m_Script: {fileID: 11500000, guid: a2836e36774ca1c4bbbee976e17b649c, type: 3}
  m_Name: 
  m_EditorClassIdentifier: 
  _componentIndexCache: 4
  _addedNetworkObject: {fileID: 1047001759896168042}
  _networkObjectCache: {fileID: 1047001759896168042}
  _synchronizeParent: 0
  _packing:
    Position: 1
    Rotation: 1
    Scale: 0
  _interpolation: 2
  _extrapolation: 2
  _enableTeleport: 0
  _teleportThreshold: 1
  _clientAuthoritative: 1
  _sendToOwner: 1
  _synchronizePosition: 1
  _positionSnapping:
    X: 0
    Y: 0
    Z: 0
  _synchronizeRotation: 1
  _rotationSnapping:
    X: 0
    Y: 0
    Z: 0
  _synchronizeScale: 1
  _scaleSnapping:
    X: 0
    Y: 0
    Z: 0
