%YAML 1.1
%TAG !u! tag:unity3d.com,2011:
--- !u!1 &728107293661610888
GameObject:
  m_ObjectHideFlags: 0
  m_CorrespondingSourceObject: {fileID: 0}
  m_PrefabInstance: {fileID: 0}
  m_PrefabAsset: {fileID: 0}
  serializedVersion: 6
  m_Component:
  - component: {fileID: 4341919059122893211}
  - component: {fileID: 4691236638922869677}
  - component: {fileID: 1307758809573259092}
  - component: {fileID: -8866165681299401014}
  m_Layer: 0
  m_Name: EM-25
  m_TagString: Untagged
  m_Icon: {fileID: 0}
  m_NavMeshLayer: 0
  m_StaticEditorFlags: 4294967295
  m_IsActive: 1
--- !u!4 &4341919059122893211
Transform:
  m_ObjectHideFlags: 0
  m_CorrespondingSourceObject: {fileID: 0}
  m_PrefabInstance: {fileID: 0}
  m_PrefabAsset: {fileID: 0}
  m_GameObject: {fileID: 728107293661610888}
  m_LocalRotation: {x: -0.7071068, y: 0, z: 0, w: 0.7071068}
  m_LocalPosition: {x: -13, y: -0.00000035762787, z: 46.1}
  m_LocalScale: {x: 1, y: 1, z: 1}
  m_ConstrainProportionsScale: 0
  m_Children:
  - {fileID: 427210341635403336}
  m_Father: {fileID: 0}
  m_RootOrder: 0
  m_LocalEulerAnglesHint: {x: -90.00001, y: 0, z: 0}
--- !u!33 &4691236638922869677
MeshFilter:
  m_ObjectHideFlags: 0
  m_CorrespondingSourceObject: {fileID: 0}
  m_PrefabInstance: {fileID: 0}
  m_PrefabAsset: {fileID: 0}
  m_GameObject: {fileID: 728107293661610888}
  m_Mesh: {fileID: -6264831526926562434, guid: 5fe925d523b69ed4f89d9b0d85cae990, type: 3}
--- !u!23 &1307758809573259092
MeshRenderer:
  m_ObjectHideFlags: 0
  m_CorrespondingSourceObject: {fileID: 0}
  m_PrefabInstance: {fileID: 0}
  m_PrefabAsset: {fileID: 0}
  m_GameObject: {fileID: 728107293661610888}
  m_Enabled: 1
  m_CastShadows: 1
  m_ReceiveShadows: 1
  m_DynamicOccludee: 1
  m_StaticShadowCaster: 0
  m_MotionVectors: 1
  m_LightProbeUsage: 1
  m_ReflectionProbeUsage: 1
  m_RayTracingMode: 2
  m_RayTraceProcedural: 0
  m_RenderingLayerMask: 1
  m_RendererPriority: 0
  m_Materials:
  - {fileID: 2100000, guid: e1cdc1f33c114e5428eaed475b3fd15a, type: 2}
  - {fileID: 2100000, guid: 018552b038f019a4fa80799969502870, type: 2}
  m_StaticBatchInfo:
    firstSubMesh: 0
    subMeshCount: 0
  m_StaticBatchRoot: {fileID: 0}
  m_ProbeAnchor: {fileID: 0}
  m_LightProbeVolumeOverride: {fileID: 0}
  m_ScaleInLightmap: 1
  m_ReceiveGI: 2
  m_PreserveUVs: 0
  m_IgnoreNormalsForChartDetection: 0
  m_ImportantGI: 0
  m_StitchLightmapSeams: 1
  m_SelectedEditorRenderState: 3
  m_MinimumChartSize: 4
  m_AutoUVMaxDistance: 0.5
  m_AutoUVMaxAngle: 89
  m_LightmapParameters: {fileID: 15200, guid: 0000000000000000f000000000000000, type: 0}
  m_SortingLayerID: 0
  m_SortingLayer: 0
  m_SortingOrder: 0
  m_AdditionalVertexStreams: {fileID: 0}
--- !u!65 &-8866165681299401014
BoxCollider:
  m_ObjectHideFlags: 0
  m_CorrespondingSourceObject: {fileID: 0}
  m_PrefabInstance: {fileID: 0}
  m_PrefabAsset: {fileID: 0}
  m_GameObject: {fileID: 728107293661610888}
  m_Material: {fileID: 0}
  m_IncludeLayers:
    serializedVersion: 2
    m_Bits: 0
  m_ExcludeLayers:
    serializedVersion: 2
    m_Bits: 0
  m_LayerOverridePriority: 0
  m_IsTrigger: 0
  m_ProvidesContacts: 0
  m_Enabled: 1
  serializedVersion: 3
  m_Size: {x: 2.6934214, y: 0.6581369, z: 0.45108473}
  m_Center: {x: -0.0021285415, y: 0, z: 0.23296005}
--- !u!1001 &6966265280812293182
PrefabInstance:
  m_ObjectHideFlags: 0
  serializedVersion: 2
  m_Modification:
    serializedVersion: 3
    m_TransformParent: {fileID: 4341919059122893211}
    m_Modifications:
    - target: {fileID: 2822197856076152105, guid: d82fea89a8cd2dc40977b2b16d257d88,
        type: 3}
      propertyPath: m_Name
      value: Plant_Top
      objectReference: {fileID: 0}
    - target: {fileID: 2822197856076152105, guid: d82fea89a8cd2dc40977b2b16d257d88,
        type: 3}
      propertyPath: m_StaticEditorFlags
      value: 4294967295
      objectReference: {fileID: 0}
    - target: {fileID: 3905765099109632936, guid: d82fea89a8cd2dc40977b2b16d257d88,
        type: 3}
      propertyPath: m_Materials.Array.data[0]
      value: 
      objectReference: {fileID: 2100000, guid: bdbbd37ac876d004a8c7f805f2c77829, type: 2}
    - target: {fileID: 3905765099109632936, guid: d82fea89a8cd2dc40977b2b16d257d88,
        type: 3}
      propertyPath: m_Materials.Array.data[1]
      value: 
      objectReference: {fileID: 1151844921754575795, guid: dec407e234da8b041b5d0329f44f0b70,
        type: 3}
    - target: {fileID: 7296083012175344246, guid: d82fea89a8cd2dc40977b2b16d257d88,
        type: 3}
      propertyPath: m_RootOrder
      value: 0
      objectReference: {fileID: 0}
    - target: {fileID: 7296083012175344246, guid: d82fea89a8cd2dc40977b2b16d257d88,
        type: 3}
      propertyPath: m_LocalScale.x
      value: 1.996
      objectReference: {fileID: 0}
    - target: {fileID: 7296083012175344246, guid: d82fea89a8cd2dc40977b2b16d257d88,
        type: 3}
      propertyPath: m_LocalScale.y
      value: 1.3273398
      objectReference: {fileID: 0}
    - target: {fileID: 7296083012175344246, guid: d82fea89a8cd2dc40977b2b16d257d88,
        type: 3}
      propertyPath: m_LocalScale.z
      value: 1.9959996
      objectReference: {fileID: 0}
    - target: {fileID: 7296083012175344246, guid: d82fea89a8cd2dc40977b2b16d257d88,
        type: 3}
      propertyPath: m_LocalPosition.x
      value: -0.697
      objectReference: {fileID: 0}
    - target: {fileID: 7296083012175344246, guid: d82fea89a8cd2dc40977b2b16d257d88,
        type: 3}
      propertyPath: m_LocalPosition.y
      value: 0.025
      objectReference: {fileID: 0}
    - target: {fileID: 7296083012175344246, guid: d82fea89a8cd2dc40977b2b16d257d88,
        type: 3}
      propertyPath: m_LocalPosition.z
      value: 0.013
      objectReference: {fileID: 0}
    - target: {fileID: 7296083012175344246, guid: d82fea89a8cd2dc40977b2b16d257d88,
        type: 3}
      propertyPath: m_LocalRotation.w
      value: 0.6123725
      objectReference: {fileID: 0}
    - target: {fileID: 7296083012175344246, guid: d82fea89a8cd2dc40977b2b16d257d88,
        type: 3}
      propertyPath: m_LocalRotation.x
      value: 0.6123725
      objectReference: {fileID: 0}
    - target: {fileID: 7296083012175344246, guid: d82fea89a8cd2dc40977b2b16d257d88,
        type: 3}
      propertyPath: m_LocalRotation.y
      value: 0.35355335
      objectReference: {fileID: 0}
    - target: {fileID: 7296083012175344246, guid: d82fea89a8cd2dc40977b2b16d257d88,
        type: 3}
      propertyPath: m_LocalRotation.z
      value: 0.35355335
      objectReference: {fileID: 0}
    - target: {fileID: 7296083012175344246, guid: d82fea89a8cd2dc40977b2b16d257d88,
        type: 3}
      propertyPath: m_LocalEulerAnglesHint.x
      value: 150
      objectReference: {fileID: 0}
    - target: {fileID: 7296083012175344246, guid: d82fea89a8cd2dc40977b2b16d257d88,
        type: 3}
      propertyPath: m_LocalEulerAnglesHint.y
      value: -90
      objectReference: {fileID: 0}
    - target: {fileID: 7296083012175344246, guid: d82fea89a8cd2dc40977b2b16d257d88,
        type: 3}
      propertyPath: m_LocalEulerAnglesHint.z
      value: -90
      objectReference: {fileID: 0}
    m_RemovedComponents: []
    m_RemovedGameObjects: []
    m_AddedGameObjects: []
    m_AddedComponents: []
  m_SourcePrefab: {fileID: 100100000, guid: d82fea89a8cd2dc40977b2b16d257d88, type: 3}
--- !u!4 &427210341635403336 stripped
Transform:
  m_CorrespondingSourceObject: {fileID: 7296083012175344246, guid: d82fea89a8cd2dc40977b2b16d257d88,
    type: 3}
  m_PrefabInstance: {fileID: 6966265280812293182}
  m_PrefabAsset: {fileID: 0}
