%YAML 1.1
%TAG !u! tag:unity3d.com,2011:
--- !u!1 &1996406530336434861
GameObject:
  m_ObjectHideFlags: 0
  m_CorrespondingSourceObject: {fileID: 0}
  m_PrefabInstance: {fileID: 0}
  m_PrefabAsset: {fileID: 0}
  serializedVersion: 6
  m_Component:
  - component: {fileID: 5127531750432969213}
  - component: {fileID: 8168145261932966930}
  - component: {fileID: 5282999992926636974}
  m_Layer: 0
  m_Name: Generated_books_78,45702
  m_TagString: Untagged
  m_Icon: {fileID: 0}
  m_NavMeshLayer: 0
  m_StaticEditorFlags: 87
  m_IsActive: 1
--- !u!4 &5127531750432969213
Transform:
  m_ObjectHideFlags: 0
  m_CorrespondingSourceObject: {fileID: 0}
  m_PrefabInstance: {fileID: 0}
  m_PrefabAsset: {fileID: 0}
  m_GameObject: {fileID: 1996406530336434861}
  m_LocalRotation: {x: 0.70723027, y: -0, z: -0, w: 0.70698327}
  m_LocalPosition: {x: 111.639, y: 3.801, z: -0.009}
  m_LocalScale: {x: 1, y: 1, z: 1}
  m_ConstrainProportionsScale: 0
  m_Children: []
  m_Father: {fileID: 8994148691863519492}
  m_RootOrder: 2
  m_LocalEulerAnglesHint: {x: 0, y: 0, z: 0}
--- !u!23 &8168145261932966930
MeshRenderer:
  m_ObjectHideFlags: 0
  m_CorrespondingSourceObject: {fileID: 0}
  m_PrefabInstance: {fileID: 0}
  m_PrefabAsset: {fileID: 0}
  m_GameObject: {fileID: 1996406530336434861}
  m_Enabled: 1
  m_CastShadows: 1
  m_ReceiveShadows: 1
  m_DynamicOccludee: 1
  m_StaticShadowCaster: 0
  m_MotionVectors: 1
  m_LightProbeUsage: 1
  m_ReflectionProbeUsage: 1
  m_RayTracingMode: 2
  m_RayTraceProcedural: 0
  m_RenderingLayerMask: 1
  m_RendererPriority: 0
  m_Materials:
  - {fileID: 2100000, guid: 3fccc459a60b6844ab6216a141be3e02, type: 2}
  m_StaticBatchInfo:
    firstSubMesh: 0
    subMeshCount: 0
  m_StaticBatchRoot: {fileID: 0}
  m_ProbeAnchor: {fileID: 0}
  m_LightProbeVolumeOverride: {fileID: 0}
  m_ScaleInLightmap: 1
  m_ReceiveGI: 1
  m_PreserveUVs: 0
  m_IgnoreNormalsForChartDetection: 0
  m_ImportantGI: 0
  m_StitchLightmapSeams: 1
  m_SelectedEditorRenderState: 3
  m_MinimumChartSize: 4
  m_AutoUVMaxDistance: 0.5
  m_AutoUVMaxAngle: 89
  m_LightmapParameters: {fileID: 0}
  m_SortingLayerID: 0
  m_SortingLayer: 0
  m_SortingOrder: 0
  m_AdditionalVertexStreams: {fileID: 0}
--- !u!33 &5282999992926636974
MeshFilter:
  m_ObjectHideFlags: 0
  m_CorrespondingSourceObject: {fileID: 0}
  m_PrefabInstance: {fileID: 0}
  m_PrefabAsset: {fileID: 0}
  m_GameObject: {fileID: 1996406530336434861}
  m_Mesh: {fileID: 4300000, guid: c9cc45fedc9e02c468903a67f47bfb2e, type: 2}
--- !u!1 &3604660471307860647
GameObject:
  m_ObjectHideFlags: 0
  m_CorrespondingSourceObject: {fileID: 0}
  m_PrefabInstance: {fileID: 0}
  m_PrefabAsset: {fileID: 0}
  serializedVersion: 6
  m_Component:
  - component: {fileID: 4082625834290631433}
  - component: {fileID: 5450423709236422637}
  - component: {fileID: 1405141324845590645}
  m_Layer: 0
  m_Name: Generated_books_73,34438
  m_TagString: Untagged
  m_Icon: {fileID: 0}
  m_NavMeshLayer: 0
  m_StaticEditorFlags: 87
  m_IsActive: 1
--- !u!4 &4082625834290631433
Transform:
  m_ObjectHideFlags: 0
  m_CorrespondingSourceObject: {fileID: 0}
  m_PrefabInstance: {fileID: 0}
  m_PrefabAsset: {fileID: 0}
  m_GameObject: {fileID: 3604660471307860647}
  m_LocalRotation: {x: 0.70723027, y: -0, z: -0, w: 0.70698327}
  m_LocalPosition: {x: 111.639, y: 3.801, z: -0.009}
  m_LocalScale: {x: 1, y: 1, z: 1}
  m_ConstrainProportionsScale: 0
  m_Children: []
  m_Father: {fileID: 8994148691863519492}
  m_RootOrder: 4
  m_LocalEulerAnglesHint: {x: 0, y: 0, z: 0}
--- !u!23 &5450423709236422637
MeshRenderer:
  m_ObjectHideFlags: 0
  m_CorrespondingSourceObject: {fileID: 0}
  m_PrefabInstance: {fileID: 0}
  m_PrefabAsset: {fileID: 0}
  m_GameObject: {fileID: 3604660471307860647}
  m_Enabled: 1
  m_CastShadows: 1
  m_ReceiveShadows: 1
  m_DynamicOccludee: 1
  m_StaticShadowCaster: 0
  m_MotionVectors: 1
  m_LightProbeUsage: 1
  m_ReflectionProbeUsage: 1
  m_RayTracingMode: 2
  m_RayTraceProcedural: 0
  m_RenderingLayerMask: 1
  m_RendererPriority: 0
  m_Materials:
  - {fileID: 2100000, guid: 0e5e85b3ddcb22c4bae3d3dd194fb971, type: 2}
  m_StaticBatchInfo:
    firstSubMesh: 0
    subMeshCount: 0
  m_StaticBatchRoot: {fileID: 0}
  m_ProbeAnchor: {fileID: 0}
  m_LightProbeVolumeOverride: {fileID: 0}
  m_ScaleInLightmap: 1
  m_ReceiveGI: 1
  m_PreserveUVs: 0
  m_IgnoreNormalsForChartDetection: 0
  m_ImportantGI: 0
  m_StitchLightmapSeams: 1
  m_SelectedEditorRenderState: 3
  m_MinimumChartSize: 4
  m_AutoUVMaxDistance: 0.5
  m_AutoUVMaxAngle: 89
  m_LightmapParameters: {fileID: 0}
  m_SortingLayerID: 0
  m_SortingLayer: 0
  m_SortingOrder: 0
  m_AdditionalVertexStreams: {fileID: 0}
--- !u!33 &1405141324845590645
MeshFilter:
  m_ObjectHideFlags: 0
  m_CorrespondingSourceObject: {fileID: 0}
  m_PrefabInstance: {fileID: 0}
  m_PrefabAsset: {fileID: 0}
  m_GameObject: {fileID: 3604660471307860647}
  m_Mesh: {fileID: 4300000, guid: 5b808fc60a6288b4b8ff9e3d415aeeae, type: 2}
--- !u!1 &5371381817549468439
GameObject:
  m_ObjectHideFlags: 0
  m_CorrespondingSourceObject: {fileID: 0}
  m_PrefabInstance: {fileID: 0}
  m_PrefabAsset: {fileID: 0}
  serializedVersion: 6
  m_Component:
  - component: {fileID: 8994148691863519492}
  - component: {fileID: 111081641612344114}
  - component: {fileID: 5960000915436275659}
  - component: {fileID: -8621292066579386550}
  m_Layer: 0
  m_Name: EM-26.1
  m_TagString: Untagged
  m_Icon: {fileID: 0}
  m_NavMeshLayer: 0
  m_StaticEditorFlags: 87
  m_IsActive: 1
--- !u!4 &8994148691863519492
Transform:
  m_ObjectHideFlags: 0
  m_CorrespondingSourceObject: {fileID: 0}
  m_PrefabInstance: {fileID: 0}
  m_PrefabAsset: {fileID: 0}
  m_GameObject: {fileID: 5371381817549468439}
  m_LocalRotation: {x: -0.7069834, y: 0, z: 0, w: 0.7072302}
  m_LocalPosition: {x: -24.940933, y: 0.0064324317, z: 8.499775}
  m_LocalScale: {x: 1, y: 1, z: 1}
  m_ConstrainProportionsScale: 0
  m_Children:
  - {fileID: 8215858351002340311}
  - {fileID: 5490591329983620317}
  - {fileID: 5127531750432969213}
  - {fileID: 373551954602254710}
  - {fileID: 4082625834290631433}
  m_Father: {fileID: 0}
  m_RootOrder: 0
  m_LocalEulerAnglesHint: {x: -89.98, y: 0, z: 0}
--- !u!33 &111081641612344114
MeshFilter:
  m_ObjectHideFlags: 0
  m_CorrespondingSourceObject: {fileID: 0}
  m_PrefabInstance: {fileID: 0}
  m_PrefabAsset: {fileID: 0}
  m_GameObject: {fileID: 5371381817549468439}
  m_Mesh: {fileID: -5495902117074765545, guid: 54b1f8690ca0ddf4790efbc885ba0ebc, type: 3}
--- !u!23 &5960000915436275659
MeshRenderer:
  m_ObjectHideFlags: 0
  m_CorrespondingSourceObject: {fileID: 0}
  m_PrefabInstance: {fileID: 0}
  m_PrefabAsset: {fileID: 0}
  m_GameObject: {fileID: 5371381817549468439}
  m_Enabled: 1
  m_CastShadows: 1
  m_ReceiveShadows: 1
  m_DynamicOccludee: 1
  m_StaticShadowCaster: 0
  m_MotionVectors: 1
  m_LightProbeUsage: 1
  m_ReflectionProbeUsage: 1
  m_RayTracingMode: 2
  m_RayTraceProcedural: 0
  m_RenderingLayerMask: 1
  m_RendererPriority: 0
  m_Materials:
  - {fileID: 2100000, guid: a7f0d297d4e99b94e90733de6b41ebb7, type: 2}
  - {fileID: 2100000, guid: b30ef486ba0946b4b8641a5665cadb7b, type: 2}
  m_StaticBatchInfo:
    firstSubMesh: 0
    subMeshCount: 0
  m_StaticBatchRoot: {fileID: 0}
  m_ProbeAnchor: {fileID: 0}
  m_LightProbeVolumeOverride: {fileID: 0}
  m_ScaleInLightmap: 1
  m_ReceiveGI: 2
  m_PreserveUVs: 0
  m_IgnoreNormalsForChartDetection: 0
  m_ImportantGI: 0
  m_StitchLightmapSeams: 1
  m_SelectedEditorRenderState: 3
  m_MinimumChartSize: 4
  m_AutoUVMaxDistance: 0.5
  m_AutoUVMaxAngle: 89
  m_LightmapParameters: {fileID: 0}
  m_SortingLayerID: 0
  m_SortingLayer: 0
  m_SortingOrder: 0
  m_AdditionalVertexStreams: {fileID: 0}
--- !u!65 &-8621292066579386550
BoxCollider:
  m_ObjectHideFlags: 0
  m_CorrespondingSourceObject: {fileID: 0}
  m_PrefabInstance: {fileID: 0}
  m_PrefabAsset: {fileID: 0}
  m_GameObject: {fileID: 5371381817549468439}
  m_Material: {fileID: 0}
  m_IncludeLayers:
    serializedVersion: 2
    m_Bits: 0
  m_ExcludeLayers:
    serializedVersion: 2
    m_Bits: 0
  m_LayerOverridePriority: 0
  m_IsTrigger: 0
  m_ProvidesContacts: 0
  m_Enabled: 1
  serializedVersion: 3
  m_Size: {x: 0.54, y: 2.9431357, z: 2.1961267}
  m_Center: {x: 0, y: 0.09345675, z: 1.0916313}
--- !u!1 &6497529470026190832
GameObject:
  m_ObjectHideFlags: 0
  m_CorrespondingSourceObject: {fileID: 0}
  m_PrefabInstance: {fileID: 0}
  m_PrefabAsset: {fileID: 0}
  serializedVersion: 6
  m_Component:
  - component: {fileID: 5490591329983620317}
  - component: {fileID: 7118355312067681623}
  - component: {fileID: 5755432376365176810}
  m_Layer: 0
  m_Name: Generated_books_25,35211
  m_TagString: Untagged
  m_Icon: {fileID: 0}
  m_NavMeshLayer: 0
  m_StaticEditorFlags: 87
  m_IsActive: 1
--- !u!4 &5490591329983620317
Transform:
  m_ObjectHideFlags: 0
  m_CorrespondingSourceObject: {fileID: 0}
  m_PrefabInstance: {fileID: 0}
  m_PrefabAsset: {fileID: 0}
  m_GameObject: {fileID: 6497529470026190832}
  m_LocalRotation: {x: 0.70723027, y: -0, z: -0, w: 0.70698327}
  m_LocalPosition: {x: 111.631, y: 3.801, z: -0.009}
  m_LocalScale: {x: 1, y: 1, z: 1}
  m_ConstrainProportionsScale: 0
  m_Children: []
  m_Father: {fileID: 8994148691863519492}
  m_RootOrder: 1
  m_LocalEulerAnglesHint: {x: 0, y: 0, z: 0}
--- !u!23 &7118355312067681623
MeshRenderer:
  m_ObjectHideFlags: 0
  m_CorrespondingSourceObject: {fileID: 0}
  m_PrefabInstance: {fileID: 0}
  m_PrefabAsset: {fileID: 0}
  m_GameObject: {fileID: 6497529470026190832}
  m_Enabled: 1
  m_CastShadows: 1
  m_ReceiveShadows: 1
  m_DynamicOccludee: 1
  m_StaticShadowCaster: 0
  m_MotionVectors: 1
  m_LightProbeUsage: 1
  m_ReflectionProbeUsage: 1
  m_RayTracingMode: 2
  m_RayTraceProcedural: 0
  m_RenderingLayerMask: 1
  m_RendererPriority: 0
  m_Materials:
  - {fileID: 2100000, guid: a7e4414697013e340bcbaa6d88ead3b4, type: 2}
  m_StaticBatchInfo:
    firstSubMesh: 0
    subMeshCount: 0
  m_StaticBatchRoot: {fileID: 0}
  m_ProbeAnchor: {fileID: 0}
  m_LightProbeVolumeOverride: {fileID: 0}
  m_ScaleInLightmap: 1
  m_ReceiveGI: 1
  m_PreserveUVs: 0
  m_IgnoreNormalsForChartDetection: 0
  m_ImportantGI: 0
  m_StitchLightmapSeams: 1
  m_SelectedEditorRenderState: 3
  m_MinimumChartSize: 4
  m_AutoUVMaxDistance: 0.5
  m_AutoUVMaxAngle: 89
  m_LightmapParameters: {fileID: 0}
  m_SortingLayerID: 0
  m_SortingLayer: 0
  m_SortingOrder: 0
  m_AdditionalVertexStreams: {fileID: 0}
--- !u!33 &5755432376365176810
MeshFilter:
  m_ObjectHideFlags: 0
  m_CorrespondingSourceObject: {fileID: 0}
  m_PrefabInstance: {fileID: 0}
  m_PrefabAsset: {fileID: 0}
  m_GameObject: {fileID: 6497529470026190832}
  m_Mesh: {fileID: 4300000, guid: 603e9168f129c8549b72a1614edde88a, type: 2}
--- !u!1 &8042525160820264576
GameObject:
  m_ObjectHideFlags: 0
  m_CorrespondingSourceObject: {fileID: 0}
  m_PrefabInstance: {fileID: 0}
  m_PrefabAsset: {fileID: 0}
  serializedVersion: 6
  m_Component:
  - component: {fileID: 373551954602254710}
  - component: {fileID: 1044078060866744695}
  - component: {fileID: 1338501654879973596}
  m_Layer: 0
  m_Name: Generated_books_61,12027
  m_TagString: Untagged
  m_Icon: {fileID: 0}
  m_NavMeshLayer: 0
  m_StaticEditorFlags: 87
  m_IsActive: 1
--- !u!4 &373551954602254710
Transform:
  m_ObjectHideFlags: 0
  m_CorrespondingSourceObject: {fileID: 0}
  m_PrefabInstance: {fileID: 0}
  m_PrefabAsset: {fileID: 0}
  m_GameObject: {fileID: 8042525160820264576}
  m_LocalRotation: {x: 0.70723027, y: -0, z: -0, w: 0.70698327}
  m_LocalPosition: {x: 111.647, y: 3.801, z: -0.009}
  m_LocalScale: {x: 1, y: 1, z: 1}
  m_ConstrainProportionsScale: 0
  m_Children: []
  m_Father: {fileID: 8994148691863519492}
  m_RootOrder: 3
  m_LocalEulerAnglesHint: {x: 0, y: 0, z: 0}
--- !u!23 &1044078060866744695
MeshRenderer:
  m_ObjectHideFlags: 0
  m_CorrespondingSourceObject: {fileID: 0}
  m_PrefabInstance: {fileID: 0}
  m_PrefabAsset: {fileID: 0}
  m_GameObject: {fileID: 8042525160820264576}
  m_Enabled: 1
  m_CastShadows: 1
  m_ReceiveShadows: 1
  m_DynamicOccludee: 1
  m_StaticShadowCaster: 0
  m_MotionVectors: 1
  m_LightProbeUsage: 1
  m_ReflectionProbeUsage: 1
  m_RayTracingMode: 2
  m_RayTraceProcedural: 0
  m_RenderingLayerMask: 1
  m_RendererPriority: 0
  m_Materials:
  - {fileID: 2100000, guid: cf77dda448489c045beb7f0f2bd32984, type: 2}
  m_StaticBatchInfo:
    firstSubMesh: 0
    subMeshCount: 0
  m_StaticBatchRoot: {fileID: 0}
  m_ProbeAnchor: {fileID: 0}
  m_LightProbeVolumeOverride: {fileID: 0}
  m_ScaleInLightmap: 1
  m_ReceiveGI: 1
  m_PreserveUVs: 0
  m_IgnoreNormalsForChartDetection: 0
  m_ImportantGI: 0
  m_StitchLightmapSeams: 1
  m_SelectedEditorRenderState: 3
  m_MinimumChartSize: 4
  m_AutoUVMaxDistance: 0.5
  m_AutoUVMaxAngle: 89
  m_LightmapParameters: {fileID: 0}
  m_SortingLayerID: 0
  m_SortingLayer: 0
  m_SortingOrder: 0
  m_AdditionalVertexStreams: {fileID: 0}
--- !u!33 &1338501654879973596
MeshFilter:
  m_ObjectHideFlags: 0
  m_CorrespondingSourceObject: {fileID: 0}
  m_PrefabInstance: {fileID: 0}
  m_PrefabAsset: {fileID: 0}
  m_GameObject: {fileID: 8042525160820264576}
  m_Mesh: {fileID: 4300000, guid: ca233f1cf9fd4df4a871a456bda7a4a1, type: 2}
--- !u!1001 &6819983965202365506
PrefabInstance:
  m_ObjectHideFlags: 0
  serializedVersion: 2
  m_Modification:
    serializedVersion: 3
    m_TransformParent: {fileID: 8994148691863519492}
    m_Modifications:
    - target: {fileID: 1944074223223965062, guid: 47abf606d8956834b850b936b1fe32fd,
        type: 3}
      propertyPath: m_Name
      value: Monitor&Keyboard&Mouse
      objectReference: {fileID: 0}
    - target: {fileID: 3216103312723343253, guid: 47abf606d8956834b850b936b1fe32fd,
        type: 3}
      propertyPath: m_RootOrder
      value: 0
      objectReference: {fileID: 0}
    - target: {fileID: 3216103312723343253, guid: 47abf606d8956834b850b936b1fe32fd,
        type: 3}
      propertyPath: m_LocalScale.y
      value: 0.40000013
      objectReference: {fileID: 0}
    - target: {fileID: 3216103312723343253, guid: 47abf606d8956834b850b936b1fe32fd,
        type: 3}
      propertyPath: m_LocalScale.z
      value: 0.40000013
      objectReference: {fileID: 0}
    - target: {fileID: 3216103312723343253, guid: 47abf606d8956834b850b936b1fe32fd,
        type: 3}
      propertyPath: m_LocalPosition.x
      value: 0.11693382
      objectReference: {fileID: 0}
    - target: {fileID: 3216103312723343253, guid: 47abf606d8956834b850b936b1fe32fd,
        type: 3}
      propertyPath: m_LocalPosition.y
      value: 1.0587747
      objectReference: {fileID: 0}
    - target: {fileID: 3216103312723343253, guid: 47abf606d8956834b850b936b1fe32fd,
        type: 3}
      propertyPath: m_LocalPosition.z
      value: 0.99956775
      objectReference: {fileID: 0}
    - target: {fileID: 3216103312723343253, guid: 47abf606d8956834b850b936b1fe32fd,
        type: 3}
      propertyPath: m_LocalRotation.w
      value: -1
      objectReference: {fileID: 0}
    - target: {fileID: 3216103312723343253, guid: 47abf606d8956834b850b936b1fe32fd,
        type: 3}
      propertyPath: m_LocalRotation.x
      value: -0.00000008940697
      objectReference: {fileID: 0}
    - target: {fileID: 3216103312723343253, guid: 47abf606d8956834b850b936b1fe32fd,
        type: 3}
      propertyPath: m_LocalRotation.y
      value: -0
      objectReference: {fileID: 0}
    - target: {fileID: 3216103312723343253, guid: 47abf606d8956834b850b936b1fe32fd,
        type: 3}
      propertyPath: m_LocalRotation.z
      value: -0
      objectReference: {fileID: 0}
    - target: {fileID: 3216103312723343253, guid: 47abf606d8956834b850b936b1fe32fd,
        type: 3}
      propertyPath: m_LocalEulerAnglesHint.x
      value: -90.00001
      objectReference: {fileID: 0}
    - target: {fileID: 3216103312723343253, guid: 47abf606d8956834b850b936b1fe32fd,
        type: 3}
      propertyPath: m_LocalEulerAnglesHint.y
      value: 180
      objectReference: {fileID: 0}
    - target: {fileID: 3216103312723343253, guid: 47abf606d8956834b850b936b1fe32fd,
        type: 3}
      propertyPath: m_LocalEulerAnglesHint.z
      value: 180
      objectReference: {fileID: 0}
    m_RemovedComponents: []
    m_RemovedGameObjects: []
    m_AddedGameObjects: []
    m_AddedComponents: []
  m_SourcePrefab: {fileID: 100100000, guid: 47abf606d8956834b850b936b1fe32fd, type: 3}
--- !u!4 &8215858351002340311 stripped
Transform:
  m_CorrespondingSourceObject: {fileID: 3216103312723343253, guid: 47abf606d8956834b850b936b1fe32fd,
    type: 3}
  m_PrefabInstance: {fileID: 6819983965202365506}
  m_PrefabAsset: {fileID: 0}
