%YAML 1.1
%TAG !u! tag:unity3d.com,2011:
--- !u!1 &3925085804832191173
GameObject:
  m_ObjectHideFlags: 0
  m_CorrespondingSourceObject: {fileID: 0}
  m_PrefabInstance: {fileID: 0}
  m_PrefabAsset: {fileID: 0}
  serializedVersion: 6
  m_Component:
  - component: {fileID: 10112649654534358}
  - component: {fileID: 9041235572083571424}
  - component: {fileID: 3333898144569181721}
  - component: {fileID: -1022278447296818381}
  m_Layer: 0
  m_Name: M-31
  m_TagString: Untagged
  m_Icon: {fileID: 0}
  m_NavMeshLayer: 0
  m_StaticEditorFlags: 4294967295
  m_IsActive: 1
--- !u!4 &10112649654534358
Transform:
  m_ObjectHideFlags: 0
  m_CorrespondingSourceObject: {fileID: 0}
  m_PrefabInstance: {fileID: 0}
  m_PrefabAsset: {fileID: 0}
  m_GameObject: {fileID: 3925085804832191173}
  m_LocalRotation: {x: -0.7069834, y: 0, z: 0, w: 0.7072302}
  m_LocalPosition: {x: -25.3059, y: -0.003821513, z: 7.853733}
  m_LocalScale: {x: 1, y: 1, z: 1}
  m_ConstrainProportionsScale: 0
  m_Children:
  - {fileID: 1847079609185739857}
  m_Father: {fileID: 0}
  m_RootOrder: 0
  m_LocalEulerAnglesHint: {x: -89.98, y: 0, z: 0}
--- !u!33 &9041235572083571424
MeshFilter:
  m_ObjectHideFlags: 0
  m_CorrespondingSourceObject: {fileID: 0}
  m_PrefabInstance: {fileID: 0}
  m_PrefabAsset: {fileID: 0}
  m_GameObject: {fileID: 3925085804832191173}
  m_Mesh: {fileID: -5495902117074765545, guid: 4443aed055153a249a057f31a5c61196, type: 3}
--- !u!23 &3333898144569181721
MeshRenderer:
  m_ObjectHideFlags: 0
  m_CorrespondingSourceObject: {fileID: 0}
  m_PrefabInstance: {fileID: 0}
  m_PrefabAsset: {fileID: 0}
  m_GameObject: {fileID: 3925085804832191173}
  m_Enabled: 1
  m_CastShadows: 1
  m_ReceiveShadows: 1
  m_DynamicOccludee: 1
  m_StaticShadowCaster: 0
  m_MotionVectors: 1
  m_LightProbeUsage: 1
  m_ReflectionProbeUsage: 1
  m_RayTracingMode: 2
  m_RayTraceProcedural: 0
  m_RenderingLayerMask: 1
  m_RendererPriority: 0
  m_Materials:
  - {fileID: 4362962105363994262, guid: dec407e234da8b041b5d0329f44f0b70, type: 3}
  - {fileID: 2100000, guid: 9012feff70773a84497f1466e7b76b43, type: 2}
  m_StaticBatchInfo:
    firstSubMesh: 0
    subMeshCount: 0
  m_StaticBatchRoot: {fileID: 0}
  m_ProbeAnchor: {fileID: 0}
  m_LightProbeVolumeOverride: {fileID: 0}
  m_ScaleInLightmap: 1
  m_ReceiveGI: 2
  m_PreserveUVs: 0
  m_IgnoreNormalsForChartDetection: 0
  m_ImportantGI: 0
  m_StitchLightmapSeams: 1
  m_SelectedEditorRenderState: 3
  m_MinimumChartSize: 4
  m_AutoUVMaxDistance: 0.5
  m_AutoUVMaxAngle: 89
  m_LightmapParameters: {fileID: 0}
  m_SortingLayerID: 0
  m_SortingLayer: 0
  m_SortingOrder: 0
  m_AdditionalVertexStreams: {fileID: 0}
--- !u!65 &-1022278447296818381
BoxCollider:
  m_ObjectHideFlags: 0
  m_CorrespondingSourceObject: {fileID: 0}
  m_PrefabInstance: {fileID: 0}
  m_PrefabAsset: {fileID: 0}
  m_GameObject: {fileID: 3925085804832191173}
  m_Material: {fileID: 0}
  m_IncludeLayers:
    serializedVersion: 2
    m_Bits: 0
  m_ExcludeLayers:
    serializedVersion: 2
    m_Bits: 0
  m_LayerOverridePriority: 0
  m_IsTrigger: 0
  m_ProvidesContacts: 0
  m_Enabled: 1
  serializedVersion: 3
  m_Size: {x: 0.40034628, y: 0.40034634, z: 0.4095779}
  m_Center: {x: 0, y: 0, z: 0.20861158}
--- !u!1001 &8998968077309384231
PrefabInstance:
  m_ObjectHideFlags: 0
  serializedVersion: 2
  m_Modification:
    serializedVersion: 3
    m_TransformParent: {fileID: 10112649654534358}
    m_Modifications:
    - target: {fileID: 2822197856076152105, guid: d82fea89a8cd2dc40977b2b16d257d88,
        type: 3}
      propertyPath: m_Name
      value: Plant_Top
      objectReference: {fileID: 0}
    - target: {fileID: 2822197856076152105, guid: d82fea89a8cd2dc40977b2b16d257d88,
        type: 3}
      propertyPath: m_StaticEditorFlags
      value: 4294967295
      objectReference: {fileID: 0}
    - target: {fileID: 3905765099109632936, guid: d82fea89a8cd2dc40977b2b16d257d88,
        type: 3}
      propertyPath: m_Materials.Array.data[0]
      value: 
      objectReference: {fileID: 2100000, guid: bdbbd37ac876d004a8c7f805f2c77829, type: 2}
    - target: {fileID: 3905765099109632936, guid: d82fea89a8cd2dc40977b2b16d257d88,
        type: 3}
      propertyPath: m_Materials.Array.data[1]
      value: 
      objectReference: {fileID: 1151844921754575795, guid: dec407e234da8b041b5d0329f44f0b70,
        type: 3}
    - target: {fileID: 7296083012175344246, guid: d82fea89a8cd2dc40977b2b16d257d88,
        type: 3}
      propertyPath: m_RootOrder
      value: 0
      objectReference: {fileID: 0}
    - target: {fileID: 7296083012175344246, guid: d82fea89a8cd2dc40977b2b16d257d88,
        type: 3}
      propertyPath: m_LocalPosition.x
      value: -0.018098831
      objectReference: {fileID: 0}
    - target: {fileID: 7296083012175344246, guid: d82fea89a8cd2dc40977b2b16d257d88,
        type: 3}
      propertyPath: m_LocalPosition.y
      value: 0.02173328
      objectReference: {fileID: 0}
    - target: {fileID: 7296083012175344246, guid: d82fea89a8cd2dc40977b2b16d257d88,
        type: 3}
      propertyPath: m_LocalPosition.z
      value: 0.020421512
      objectReference: {fileID: 0}
    - target: {fileID: 7296083012175344246, guid: d82fea89a8cd2dc40977b2b16d257d88,
        type: 3}
      propertyPath: m_LocalRotation.w
      value: 0.7071067
      objectReference: {fileID: 0}
    - target: {fileID: 7296083012175344246, guid: d82fea89a8cd2dc40977b2b16d257d88,
        type: 3}
      propertyPath: m_LocalRotation.x
      value: 0.7071068
      objectReference: {fileID: 0}
    - target: {fileID: 7296083012175344246, guid: d82fea89a8cd2dc40977b2b16d257d88,
        type: 3}
      propertyPath: m_LocalRotation.y
      value: -0
      objectReference: {fileID: 0}
    - target: {fileID: 7296083012175344246, guid: d82fea89a8cd2dc40977b2b16d257d88,
        type: 3}
      propertyPath: m_LocalRotation.z
      value: -0
      objectReference: {fileID: 0}
    - target: {fileID: 7296083012175344246, guid: d82fea89a8cd2dc40977b2b16d257d88,
        type: 3}
      propertyPath: m_LocalEulerAnglesHint.x
      value: 0
      objectReference: {fileID: 0}
    - target: {fileID: 7296083012175344246, guid: d82fea89a8cd2dc40977b2b16d257d88,
        type: 3}
      propertyPath: m_LocalEulerAnglesHint.y
      value: 0
      objectReference: {fileID: 0}
    - target: {fileID: 7296083012175344246, guid: d82fea89a8cd2dc40977b2b16d257d88,
        type: 3}
      propertyPath: m_LocalEulerAnglesHint.z
      value: 0
      objectReference: {fileID: 0}
    m_RemovedComponents: []
    m_RemovedGameObjects: []
    m_AddedGameObjects: []
    m_AddedComponents: []
  m_SourcePrefab: {fileID: 100100000, guid: d82fea89a8cd2dc40977b2b16d257d88, type: 3}
--- !u!4 &1847079609185739857 stripped
Transform:
  m_CorrespondingSourceObject: {fileID: 7296083012175344246, guid: d82fea89a8cd2dc40977b2b16d257d88,
    type: 3}
  m_PrefabInstance: {fileID: 8998968077309384231}
  m_PrefabAsset: {fileID: 0}
