%YAML 1.1
%TAG !u! tag:unity3d.com,2011:
--- !u!1 &586681761267472937
GameObject:
  m_ObjectHideFlags: 0
  m_CorrespondingSourceObject: {fileID: 0}
  m_PrefabInstance: {fileID: 0}
  m_PrefabAsset: {fileID: 0}
  serializedVersion: 6
  m_Component:
  - component: {fileID: 586681761267472938}
  m_Layer: 0
  m_Name: Seat_Sem_Alt 2
  m_TagString: Untagged
  m_Icon: {fileID: 0}
  m_NavMeshLayer: 0
  m_StaticEditorFlags: 0
  m_IsActive: 1
--- !u!4 &586681761267472938
Transform:
  m_ObjectHideFlags: 0
  m_CorrespondingSourceObject: {fileID: 0}
  m_PrefabInstance: {fileID: 0}
  m_PrefabAsset: {fileID: 0}
  m_GameObject: {fileID: 586681761267472937}
  m_LocalRotation: {x: -0, y: -0, z: -0, w: 1}
  m_LocalPosition: {x: -45.12, y: 0.203, z: -29.78}
  m_LocalScale: {x: 1, y: 1, z: 1}
  m_Children:
  - {fileID: 5647690656407482574}
  - {fileID: 2128930595744354335}
  - {fileID: 8870386849063713865}
  m_Father: {fileID: 0}
  m_RootOrder: 0
  m_LocalEulerAnglesHint: {x: 0, y: 0, z: 0}
--- !u!1001 &586681760905004807
PrefabInstance:
  m_ObjectHideFlags: 0
  serializedVersion: 2
  m_Modification:
    m_TransformParent: {fileID: 586681761267472938}
    m_Modifications:
    - target: {fileID: 1562525787766920984, guid: c0579f80e9586c4458a9a9a4eaf058a5,
        type: 3}
      propertyPath: m_LocalPosition.x
      value: -0.03315735
      objectReference: {fileID: 0}
    - target: {fileID: 1562525787766920984, guid: c0579f80e9586c4458a9a9a4eaf058a5,
        type: 3}
      propertyPath: m_LocalPosition.y
      value: -0.20359999
      objectReference: {fileID: 0}
    - target: {fileID: 1562525787766920984, guid: c0579f80e9586c4458a9a9a4eaf058a5,
        type: 3}
      propertyPath: m_LocalPosition.z
      value: 0.39386177
      objectReference: {fileID: 0}
    - target: {fileID: 1562525787766920984, guid: c0579f80e9586c4458a9a9a4eaf058a5,
        type: 3}
      propertyPath: m_LocalRotation.x
      value: -0
      objectReference: {fileID: 0}
    - target: {fileID: 1562525787766920984, guid: c0579f80e9586c4458a9a9a4eaf058a5,
        type: 3}
      propertyPath: m_LocalRotation.y
      value: 0.7072302
      objectReference: {fileID: 0}
    - target: {fileID: 1562525787766920984, guid: c0579f80e9586c4458a9a9a4eaf058a5,
        type: 3}
      propertyPath: m_LocalRotation.z
      value: 0.7069834
      objectReference: {fileID: 0}
    - target: {fileID: 1562525787766920984, guid: c0579f80e9586c4458a9a9a4eaf058a5,
        type: 3}
      propertyPath: m_LocalRotation.w
      value: 0
      objectReference: {fileID: 0}
    - target: {fileID: 1562525787766920984, guid: c0579f80e9586c4458a9a9a4eaf058a5,
        type: 3}
      propertyPath: m_RootOrder
      value: 1
      objectReference: {fileID: 0}
    - target: {fileID: 1562525787766920984, guid: c0579f80e9586c4458a9a9a4eaf058a5,
        type: 3}
      propertyPath: m_LocalEulerAnglesHint.x
      value: -89.98
      objectReference: {fileID: 0}
    - target: {fileID: 1562525787766920984, guid: c0579f80e9586c4458a9a9a4eaf058a5,
        type: 3}
      propertyPath: m_LocalEulerAnglesHint.y
      value: 180
      objectReference: {fileID: 0}
    - target: {fileID: 1562525787766920984, guid: c0579f80e9586c4458a9a9a4eaf058a5,
        type: 3}
      propertyPath: m_LocalEulerAnglesHint.z
      value: 0
      objectReference: {fileID: 0}
    - target: {fileID: 1562525787766920984, guid: c0579f80e9586c4458a9a9a4eaf058a5,
        type: 3}
      propertyPath: m_LocalScale.z
      value: 0.99220073
      objectReference: {fileID: 0}
    - target: {fileID: 1562525787766920984, guid: c0579f80e9586c4458a9a9a4eaf058a5,
        type: 3}
      propertyPath: m_LocalScale.x
      value: 1
      objectReference: {fileID: 0}
    - target: {fileID: 1562525787766920984, guid: c0579f80e9586c4458a9a9a4eaf058a5,
        type: 3}
      propertyPath: m_LocalScale.y
      value: 1
      objectReference: {fileID: 0}
    - target: {fileID: 2590815755946353931, guid: c0579f80e9586c4458a9a9a4eaf058a5,
        type: 3}
      propertyPath: m_Name
      value: M-02 (15)
      objectReference: {fileID: 0}
    m_RemovedComponents: []
  m_SourcePrefab: {fileID: 100100000, guid: c0579f80e9586c4458a9a9a4eaf058a5, type: 3}
--- !u!4 &2128930595744354335 stripped
Transform:
  m_CorrespondingSourceObject: {fileID: 1562525787766920984, guid: c0579f80e9586c4458a9a9a4eaf058a5,
    type: 3}
  m_PrefabInstance: {fileID: 586681760905004807}
  m_PrefabAsset: {fileID: 0}
--- !u!1001 &586681760971806354
PrefabInstance:
  m_ObjectHideFlags: 0
  serializedVersion: 2
  m_Modification:
    m_TransformParent: {fileID: 586681761267472938}
    m_Modifications:
    - target: {fileID: 5063435002421257820, guid: 4a3fe4ad62587c14491307759ef02e9e,
        type: 3}
      propertyPath: m_LocalPosition.x
      value: -0.0031585693
      objectReference: {fileID: 0}
    - target: {fileID: 5063435002421257820, guid: 4a3fe4ad62587c14491307759ef02e9e,
        type: 3}
      propertyPath: m_LocalPosition.y
      value: -0.13883297
      objectReference: {fileID: 0}
    - target: {fileID: 5063435002421257820, guid: 4a3fe4ad62587c14491307759ef02e9e,
        type: 3}
      propertyPath: m_LocalPosition.z
      value: -0.14813805
      objectReference: {fileID: 0}
    - target: {fileID: 5063435002421257820, guid: 4a3fe4ad62587c14491307759ef02e9e,
        type: 3}
      propertyPath: m_LocalRotation.x
      value: -0.7071068
      objectReference: {fileID: 0}
    - target: {fileID: 5063435002421257820, guid: 4a3fe4ad62587c14491307759ef02e9e,
        type: 3}
      propertyPath: m_LocalRotation.y
      value: -0
      objectReference: {fileID: 0}
    - target: {fileID: 5063435002421257820, guid: 4a3fe4ad62587c14491307759ef02e9e,
        type: 3}
      propertyPath: m_LocalRotation.z
      value: 1.9932806e-17
      objectReference: {fileID: 0}
    - target: {fileID: 5063435002421257820, guid: 4a3fe4ad62587c14491307759ef02e9e,
        type: 3}
      propertyPath: m_LocalRotation.w
      value: 0.7071067
      objectReference: {fileID: 0}
    - target: {fileID: 5063435002421257820, guid: 4a3fe4ad62587c14491307759ef02e9e,
        type: 3}
      propertyPath: m_RootOrder
      value: 0
      objectReference: {fileID: 0}
    - target: {fileID: 5063435002421257820, guid: 4a3fe4ad62587c14491307759ef02e9e,
        type: 3}
      propertyPath: m_LocalEulerAnglesHint.x
      value: 0
      objectReference: {fileID: 0}
    - target: {fileID: 5063435002421257820, guid: 4a3fe4ad62587c14491307759ef02e9e,
        type: 3}
      propertyPath: m_LocalEulerAnglesHint.y
      value: 0
      objectReference: {fileID: 0}
    - target: {fileID: 5063435002421257820, guid: 4a3fe4ad62587c14491307759ef02e9e,
        type: 3}
      propertyPath: m_LocalEulerAnglesHint.z
      value: 0
      objectReference: {fileID: 0}
    - target: {fileID: 5063435002421257820, guid: 4a3fe4ad62587c14491307759ef02e9e,
        type: 3}
      propertyPath: m_LocalScale.y
      value: 1
      objectReference: {fileID: 0}
    - target: {fileID: 5063435002421257820, guid: 4a3fe4ad62587c14491307759ef02e9e,
        type: 3}
      propertyPath: m_LocalScale.z
      value: 1
      objectReference: {fileID: 0}
    - target: {fileID: 8079377013381518415, guid: 4a3fe4ad62587c14491307759ef02e9e,
        type: 3}
      propertyPath: m_Name
      value: M-19_Yellow (2)
      objectReference: {fileID: 0}
    m_RemovedComponents: []
  m_SourcePrefab: {fileID: 100100000, guid: 4a3fe4ad62587c14491307759ef02e9e, type: 3}
--- !u!4 &5647690656407482574 stripped
Transform:
  m_CorrespondingSourceObject: {fileID: 5063435002421257820, guid: 4a3fe4ad62587c14491307759ef02e9e,
    type: 3}
  m_PrefabInstance: {fileID: 586681760971806354}
  m_PrefabAsset: {fileID: 0}
--- !u!1001 &586681762755303451
PrefabInstance:
  m_ObjectHideFlags: 0
  serializedVersion: 2
  m_Modification:
    m_TransformParent: {fileID: 586681761267472938}
    m_Modifications:
    - target: {fileID: 8304002349627073618, guid: 3d28ea5bddc494342a5644e12fe2dfd2,
        type: 3}
      propertyPath: m_LocalPosition.x
      value: 0
      objectReference: {fileID: 0}
    - target: {fileID: 8304002349627073618, guid: 3d28ea5bddc494342a5644e12fe2dfd2,
        type: 3}
      propertyPath: m_LocalPosition.y
      value: 0
      objectReference: {fileID: 0}
    - target: {fileID: 8304002349627073618, guid: 3d28ea5bddc494342a5644e12fe2dfd2,
        type: 3}
      propertyPath: m_LocalPosition.z
      value: 0
      objectReference: {fileID: 0}
    - target: {fileID: 8304002349627073618, guid: 3d28ea5bddc494342a5644e12fe2dfd2,
        type: 3}
      propertyPath: m_LocalRotation.x
      value: -0
      objectReference: {fileID: 0}
    - target: {fileID: 8304002349627073618, guid: 3d28ea5bddc494342a5644e12fe2dfd2,
        type: 3}
      propertyPath: m_LocalRotation.y
      value: -0
      objectReference: {fileID: 0}
    - target: {fileID: 8304002349627073618, guid: 3d28ea5bddc494342a5644e12fe2dfd2,
        type: 3}
      propertyPath: m_LocalRotation.z
      value: -0
      objectReference: {fileID: 0}
    - target: {fileID: 8304002349627073618, guid: 3d28ea5bddc494342a5644e12fe2dfd2,
        type: 3}
      propertyPath: m_LocalRotation.w
      value: 1
      objectReference: {fileID: 0}
    - target: {fileID: 8304002349627073618, guid: 3d28ea5bddc494342a5644e12fe2dfd2,
        type: 3}
      propertyPath: m_RootOrder
      value: 2
      objectReference: {fileID: 0}
    - target: {fileID: 8304002349627073618, guid: 3d28ea5bddc494342a5644e12fe2dfd2,
        type: 3}
      propertyPath: m_LocalEulerAnglesHint.x
      value: 0
      objectReference: {fileID: 0}
    - target: {fileID: 8304002349627073618, guid: 3d28ea5bddc494342a5644e12fe2dfd2,
        type: 3}
      propertyPath: m_LocalEulerAnglesHint.y
      value: 0
      objectReference: {fileID: 0}
    - target: {fileID: 8304002349627073618, guid: 3d28ea5bddc494342a5644e12fe2dfd2,
        type: 3}
      propertyPath: m_LocalEulerAnglesHint.z
      value: 0
      objectReference: {fileID: 0}
    - target: {fileID: 8304002349627073647, guid: 3d28ea5bddc494342a5644e12fe2dfd2,
        type: 3}
      propertyPath: m_Name
      value: Dude_goes_here,rot&pos=0
      objectReference: {fileID: 0}
    - target: {fileID: 8304002349627073647, guid: 3d28ea5bddc494342a5644e12fe2dfd2,
        type: 3}
      propertyPath: m_IsActive
      value: 0
      objectReference: {fileID: 0}
    m_RemovedComponents: []
  m_SourcePrefab: {fileID: 100100000, guid: 3d28ea5bddc494342a5644e12fe2dfd2, type: 3}
--- !u!4 &8870386849063713865 stripped
Transform:
  m_CorrespondingSourceObject: {fileID: 8304002349627073618, guid: 3d28ea5bddc494342a5644e12fe2dfd2,
    type: 3}
  m_PrefabInstance: {fileID: 586681762755303451}
  m_PrefabAsset: {fileID: 0}
